3224 5050
712 455 892 516 ...33-

200 651 299 717 Orat.
331 654 407 732 2,16
437 651 538 716 series
570 649 836 731 disputationum.
869 650 978 717 Divin.
1009 655 1083 732 1,55
1118 649 1198 715 ordo
1222 647 1389 730 seriesque

202 777 390 824 causarum.

316 879 425 945 Smoa
438 882 523 948 idem
536 888 587 948 est
598 903 636 949 ao
652 890 760 950 status
772 903 881 950 rerum
895 887 923 948 2.
939 883 1033 967 1³1,1
1060 881 1232 964 custodite,
1246 887 1387 964 servate,

204 991 373 1072 protegite
399 992 486 1056 hunc
518 996 650 1056 statum.
679 993 792 1073 optimi
826 993 1001 1073 scriptores
1032 1009 1096 1056 nou
1126 990 1305 1056 omiserunt
1335 1007 1389 1070 ge-

208 1105 274 1164 net.
297 1117 411 1163 reru-m.

322 1221 498 1308 Tempestas
513 1225 620 1291 rarius
636 1223 833 1305 aprioribus
849 1243 906 1305 pro
919 1231 1064 1305 tempore
1087 1222 1230 1305 ponitur,
1255 1219 1386 1302 saepius

210 1331 389 1397 avelleio.
425 1334 451 1395 1.
465 1335 525 1412 2,.5.
563 1339 587 1397 1.
601 1338 664 1416 8,6.
689 1335 718 1394 2.
734 1334 818 1414 78,3.
842 1337 902 1397 eto.
927 1331 1058 1413 propria
1070 1329 1311 1413 significatione
1331 1346 1385 1393 ex·

203 1443 287 1504 stat.
318 1443 417 1521 1.1,r.
442 1441 568 1522 arar.
593 1445 622 1504 a.
638 1441 744 1516 roos.

321 1562 451 1627 Tractus
467 1583 566 1646 saepe
583 1566 723 1631 sumitur
747 1584 766 1630 a
789 1565 912 1631 Velleio
938 1563 978 1629 de
1001 1581 1098 1628 cursu
1122 1567 1156 1626 et
1179 1559 1284 1642 spatio
1308 1563 1388 1623 tem-

214 1671 312 1754 poris.
342 1677 468 1736 tractus
500 1673 656 1754 temporis
687 1673 740 1738 vel
768 1677 949 1754 temporum
979 1670 1127 1736 invenies
1153 1675 1180 1734 1.
1195 1672 1257 1752 t,4.
1283 1673 1311 1732 1.
1326 1667 1388 1748 7,2.

211 1783 242 1843 2.
258 1781 339 1860 15,3.
364 1782 392 1843 2.
407 1781 469 1862 9,1.
494 1781 621 1863 2.78,1.
645 1780 756 1845 eodem
780 1797 878 1858 sensu
899 1798 962 1859 quo
986 1778 1097 1844 Cicero
1121 1795 1201 1842 voce
1224 1793 1303 1841 usus
1324 1778 1385 1856 est,

212 1877 320 1967 posuit
342 1890 369 1952 1.
384 1889 400 1946 2
406 1891 436 1970 ,3
465 1888 600 1952 ultimus
615 1887 796 1967 Hispaniae
820 1891 956 1952 tractus.
970 1888 998 1950 2.
1014 1887 1109 1966 104,3
1145 1887 1272 1948 tractus
1285 1881 1388 1947 omnis

208 1991 340 2060 'Galliae
364 1995 613 2075 provinciarum.
638 1995 788 2073 2.110,2.
812 1999 840 2058 2.
856 1997 940 2075 94,4.
966 1995 1115 2074 2.126,3,

326 2099 451 2165 Urnbro.
483 2101 660 2183 singularis
677 2105 727 2166 est
743 2119 822 2166 usus
838 2100 934 2165 huius
948 2099 1038 2166 vocis
1050 2099 1137 2180 apud
1160 2097 1245 2164 Vell.
1269 2103 1298 2164 2.
1313 2100 1387 2179 68,l

209 2226 318 2287 neque
346 2211 430 2274 enim
460 2227 601 2289 persona
631 2211 779 2274 umbram
803 2213 896 2272 actae
919 2207 967 2272 rei
991 2207 1085 2288 capit.
1110 2203 1209 2290 (deun
1234 2204 1286 2270 die
1308 2204 1388 2269 Per-

213 2315 407 2380 sinlichlreit
416 2316 651 2398 erlaubtnicht,
666 2317 742 2380 dass
755 2315 807 2379 die
818 2314 1041 2396 Begebeuheit
1053 2313 1112 2377 mit
1125 2312 1387 2393 Stillschweigen

210 2422 421 2503 iibergangen
446 2421 551 2508 wird.)

328 2526 512 2593 Vecillorius
543 2531 672 2613 proprie
702 2535 753 2596 est
776 2529 922 2612 signifer.
947 2527 985 2594 cf.
1009 2527 1080 2593 Liv.
1105 2533 1158 2609 8,ss
1194 2526 1271 2591 ordo
1295 2544 1388 2591 sexa-

212 2653 314 2716 genos
337 2637 503 2703 militeset
519 2637 608 2720 duos,
633 2637 855 2703 centum'ouem
879 2641 913 2702 et
935 2635 1141 2702 vexillarium
1164 2653 1264 2700 unum
1278 2634 1386 2720 habet.

208 2741 445 2823 imperatorum
475 2746 675 2827 temporibus
698 2745 863 2811 vexillarii
887 2743 966 2808 dicti
990 2748 1068 2808 suut
1090 2741 1222 2823 milites,
1248 2740 1303 2820 qui
1327 2757 1387 2820 per

212 2850 333 2932 viginti
361 2869 464 2916 annos
492 2853 655 2934 stipendia
681 2851 837 2933 fecerant,
870 2851 928 2916 sed
961 2849 1104 2935 noudum
1136 2847 1261 2913 dimissi
1284 2854 1387 2912 erant.

214 2971 244 3021 2.
272 2963 368 3041 110,6
404 2975 543 3040 magnus
586 2958 830 3024 vexillariorum
866 2975 1020 3024 uumerus
1055 2956 1098 3021 ad
1135 2954 1391 3021 internecionem

210 3083 335 3131 caesus

329 3170 354 3233 V
355 3173 473 3237 induto
488 3178 539 3239 est
554 3172 636 3238 ultio
649 3174 701 3239 vel
717 3173 954 3238 animadversio
966 3171 1106 3253 peccati3
1122 3169 1211 3251 apud
1225 3167 1387 3236 Velleium

215 3287 325 3345 autem
341 3287 391 3346 est
407 3280 561 3363 detonsio,
579 3281 790 3346 conservatio.
815 3281 843 3344 2.
858 3284 934 3362 64,4
969 3279 1099 3360 utrique
1123 3277 1269 3344 vindicta
1291 3275 1387 3342 liber-

206 3388 293 3453 tatis
321 3395 425 3454 morte
455 3388 556 3453 stetit.
580 3388 710 3470 proprio
739 3405 836 3453 sensu
860 3386 1034 3452 invenitur.
1058 3388 1087 3450 2.
1101 3391 1176 3467 92,3
1211 3383 1391 3450 vindictam

215 3495 334 3560 minari
365 3499 506 3580 2.114,3
535 3496 607 3562 visa
632 3495 714 3560 ultio
738 3494 867 3575 privato
891 3492 964 3557 odio
988 3492 1092 3574 magis
1116 3509 1214 3572 quam
1237 3489 1387 3572 publicae

212 3601 380 3669 vindictae
403 3602 488 3668 data.

319 3798 502 3881 Adiectiva‚
525 3800 643 3879 quibus
655 3797 754 3864 aliam
770 3797 836 3862 vim
859 3795 950 3862 dedit
971 3793 1126 3878 Velleius,
1149 3793 1278 3875 repperi
1297 3793 1390 3858 haec:

320 3903 510 3989 despicatus
538 3905 670 3987 proprie
702 3903 788 3969 idem
818 3907 994 3984 astatque
1024 3905 1207 3984 auguratus
1237 3905 1296 3965 aut
1319 3917 1392 3964 con·

205 4017 382 4094 secratus3
407 4031 427 4077 a
450 4013 575 4080 Velleio
598 4013 740 4078 sumitur
762 4027 821 4092 pro
844 4007 964 4092 fausto,
988 4007 1086 4075 felici.
1102 4011 1130 4074 2.
1146 4011 1219 4090 79,2
1243 4007 1393 4088 auspica-

214 4119 258 4184 tis
282 4120 442 4186 ominibus
466 4138 600 4186 uxorem
624 4119 748 4184 ducere.

321 4224 476 4292 Omoemus
514 4227 656 4293 retertur
687 4224 729 4291 ad
764 4225 903 4290 classem
935 4226 969 4289 et
1001 4221 1087 4288 idem
1118 4227 1169 4287 est
1191 4239 1230 4286 ac
1253 4220 1389 4285 navalis.

209 4337 233 4398 2
249 4337 325 4414 81,3
357 4352 483 4399 corona.
511 4335 656 4400 classica.
687 4339 717 4398 2.
730 4333 805 4416 85,l
839 4331 1010 4396 classicum
1042 4334 1213 4395 certamen.
1249 4331 1388 4409 2.121,1

211 4439 302 4506 vires
340 4440 503 4508 classicae.
532 4441 613 4508 Gall.
644 4448 672 4506 7.
686 4446 726 4506 13
763 4439 842 4504 dicit
871 4437 1024 4503 classicos
1054 4436 1236 4518 appellatos
1268 4451 1340 4500 esse
1371 4453 1394 4499 a
