3224 5050
676 1180 903 1350 lita.
1026 1153 1027 1156 Ὗ

310 1606 416 1670 Natus
439 1624 510 1670 sum
523 1604 668 1688 Carolus
690 1603 883 1688 Guilelmus,
901 1605 1120 1690 Eginhardus
1139 1607 1232 1673 Hans
1252 1594 1377 1671 Felix

204 1731 232 1776 a.
257 1711 286 1776 d.
309 1712 366 1778 IV.
390 1713 504 1777 Nonas
533 1711 681 1776 Octobris
705 1731 734 1776 a.
758 1712 787 1776 h.
812 1730 837 1776 s
869 1713 966 1777 LXII
1000 1714 1033 1778 in
1066 1713 1183 1794 oppido
1214 1713 1310 1778 Akea
1335 1710 1377 1776 ad

203 1819 322 1884 Albim.
347 1818 442 1884 fidem
455 1818 609 1900 profiteor
632 1819 861 1900 evangelicam.
886 1821 999 1901 primis
1016 1821 1185 1885 literarum
1209 1818 1378 1885 elementis

203 1925 348 1992 imbutus
371 1925 447 1990 inde
481 1927 522 1990 ab
558 1944 642 1991 anno
666 1925 809 1990 LXXIV
858 1945 961 2006 usque
996 1928 1038 1992 ad
1070 1947 1190 1992 annum
1213 1925 1378 1990 LXXXII

203 2033 409 2115 gymnasium
433 2032 499 2096 adii
523 2032 677 2114 Halaesa,
703 2031 788 2111 quod
811 2033 930 2098 Latina
954 2035 1150 2099 nominatur.
1175 2032 1376 2098 maturitatis

200 2140 387 2206 testimonio
410 2139 591 2217 instructus
614 2139 697 2204 civis
721 2138 828 2205 lactus
852 2159 922 2205 sum
949 2141 1174 2206 universitatis
1204 2137 1378 2205 Friderici-

203 2265 284 2310 anae
307 2246 462 2310 Halensis
486 2264 557 2310 cum
581 2245 813 2326 Vitebergensi
836 2249 1041 2314 consociatae
1064 2249 1173 2329 ibique
1196 2267 1254 2328 per
1277 2247 1378 2310 octies

203 2371 260 2418 sex
284 2371 411 2418 menses
435 2352 552 2418 studiis
575 2353 709 2418 incubui
731 2345 944 2438 philologieis,
979 2356 1172 2436 theodiseis,
1205 2353 1377 2418 historicis.

203 2461 330 2526 scholas
369 2466 479 2526 autem
514 2459 625 2526 audivi
662 2460 807 2525 virorum
841 2461 1136 2527 illustrissimorum
1170 2459 1241 2541 prff.
1280 2460 1377 2525 doctt.

202 2566 1377 2650 Bartholomae,Burdach,Dittenberger‚Duemmler,

201 2674 437 2756 Erdmann,
477 2674 660 2758 Gering,
697 2673 882 2756 (losche,
919 2675 1068 2756 Haym,
1109 2675 1376 2755 Hertaberg,

202 2782 362 2863 Hiller,
379 2783 567 2864 Uphues,
584 2783 754 2847 Zacher.
799 2783 975 2847 Praeterea
996 2783 1139 2864 benigne
1162 2781 1379 2864 permiserunt

202 2887 282 2950 mihi
306 2887 371 2952 viri
401 2887 579 2954 doctissimi
611 2889 727 2972 Keil,
768 2889 928 2973 Hiller,
960 2890 1278 2972 Ditteoberger
1310 2884 1378 2968 prff.

203 2998 241 3058 ut
264 2993 438 3058 seminario
472 2995 667 3077 philologico
702 2996 895 3062 interessem
918 3015 977 3076 per
1012 3001 1128 3077 quater
1151 3015 1209 3061 sex
1242 3013 1378 3059 menses.

203 3101 353 3166 omnibus
375 3100 451 3184 illis,
477 3119 556 3182 quos
580 3101 754 3184 nominavi,
780 3103 859 3170 viris
883 3103 1004 3184 optime
1022 3102 1060 3168 de
1084 3121 1134 3167 me
1157 3103 1282 3168 meritis
1306 3120 1379 3184 gra·

202 3210 271 3273 tias
295 3214 329 3274 et
352 3226 440 3272 nunc
462 3225 525 3290 ego
551 3218 585 3272 et
608 3227 736 3289 semper
758 3210 883 3274 habebo
907 3229 1004 3290 quam
1028 3227 1206 3274 maxumas

575 3617 1001 3783 *ww—b*
