3224 5050
741 443 920 504 ..52-

242 653 315 700 rum
337 634 528 718 composuit,
552 634 657 699 multa
680 634 839 699 orationis
869 634 953 702 vitia
982 640 1179 716 peccataque
1210 639 1428 717 excusantur„

245 746 355 806 tamen
379 741 444 806 alie
468 760 508 806 ex
532 741 691 806 communi
713 741 772 806 illa
794 741 984 807 recentioris
1010 741 1130 822 aetatis
1156 740 1266 806 indole
1294 758 1423 822 usuque

243 853 315 913 orta
330 863 401 913 esse
424 853 511 913 certe
527 865 620 913 namo
635 847 777 930 negabit.
806 849 1028 916 conclusiones
1045 848 1211 930 praecisae
1231 852 1264 913 et
1279 847 1420 912 minime.

242 955 329 1020 iuter
359 973 394 1019 se
426 955 636 1020 cohaerentes
671 955 800 1034 saepius
828 955 1002 1022 inueneris.
1044 953 1083 1020 ei.
1117 960 1178 1036 1,1.
1213 957 1238 1018 1.
1252 959 1281 1019 4.
1315 956 1421 1037 2.1,1.

245 1061 1435 1145 awaamamaamanum-nmpmaamr

241 1168 368 1251 periodi
392 1167 542 1234 difficiles
566 1173 664 1248 atque
687 1168 864 1248 impeditae
888 1173 1029 1248 exstant
1053 1168 1088 1232 iu
1112 1167 1230 1248 quibus
1252 1173 1287 1233 et
1308 1169 1421 1233 multis

242 1276 422 1342 interiectis
446 1275 726 1340 enuntiationibus
750 1275 902 1342 relativis
925 1281 959 1340 et
975 1275 1149 1341 cumulatis
1173 1275 1347 1341 adieetivis
1363 1279 1437 1340 aut¹

243 1383 424 1464 participiis
447 1387 546 1462 atque
569 1381 819 1462 parenthesibus
843 1382 1063 1448 subiectuma
1090 1382 1279 1462 praedicato
1314 1383 1424 1448 seiun-

243 1491 342 1571 gitur.
373 1489 412 1554 cf.
443 1494 470 1554 1.
485 1492 604 1572 lat-5.
646 1494 675 1553 2.
689 1492 789 1572 n,1-3.
817 1493 900 1555 all.
929 1493 1024 1556 213.
1051 1495 1080 1554 2.
1106 1493 1225 1570 last-3.
1258 1493 1436 1570 alal-3„

245 1599 371 1680 ama
415 1600 577 1677 amus
621 1599 748 1679 ama
791 1600 918 1680 amu
962 1600 1093 1678 ama
1142 1597 1422 1680 amms.a.

243 1703 485 1770 enuntiationes
519 1704 709 1783 plerumque
736 1703 906 1784 particulis
922 1711 950 1767 et
966 1710 1025 1769 aut
1040 1723 1096 1787 pse
1111 1703 1205 1768 tarde
1222 1722 1260 1768 ae
1275 1704 1437 1786 graviter·

245 1811 331 1876 iuter
361 1829 397 1876 se
440 1809 695 1892 coniunguntur,
743 1808 797 1893 (ct.
847 1814 974 1892 aleb.
1024 1811 1187 1892 n.49,2-3.
1235 1813 1422 1891 ribai-2.

243 1916 399 2002 saepius.)
423 1923 482 1982 aut
503 1917 596 1981 nulla
617 1915 934 1996 omniuopartioula
960 1933 1031 1982 cunr
1055 1916 1325 1984 antecedentibus
1348 1935 1438 1982 eon--

244 2043 347 2090 nexae
370 2029 455 2089 sunt
481 2021 534 2108 (cf.
559 2026 588 2088 2.
605 2026 687 2104 iti.
709 2029 741 2088 2.
755 2025 840 2104 30,4.
865 2029 893 2087 2.
908 2028 997 2105 60‚4.
1021 2021 1076 2108 ab)

349 2148 455 2214 eidem
478 2147 706 2230 neglegentiae
728 2146 937 2212 tribuendum
959 2163 1033 2212 esse
1055 2152 1145 2230 puto,
1169 2149 1255 2229 quod
1276 2149 1436 2214 Velleius-

242 2273 300 2337 pro
331 2255 457 2319 relativo
484 2255 684 2338 monnulus,
716 2254 802 2334 quod
826 2254 939 2335 optimi
974 2254 1149 2335 scriptores
1172 2271 1298 2335 semper
1319 2255 1438 2320 malo·-

249 2367 347 2429 eruut
376 2363 453 2443 poni
484 2361 578 2426 initio
610 2361 881 2444 enuntiationum,
913 2358 1188 2424 damnanationem
1215 2361 1356 2426 admisit.
1379 2359 1420 2425 ci.

246 2465 1440 2553 ufflmmmmmmmmmmmmfflff

243 2578 292 2662 (id
314 2577 371 2642 ille
394 2595 452 2658 pro
477 2575 561 2656 quod
583 2574 653 2660 ille)
679 2580 740 2640 etc.
1516 2558 1520 2564 ”

354 2681 417 2750 Sed
441 2683 481 2749 de
504 2683 566 2748 hae
588 2702 624 2748 re
647 2701 712 2748 uon
735 2683 799 2746 iam
823 2683 925 2748 verba
944 2681 1025 2746 mibi
1048 2681 1198 2747 iacienda
1220 2699 1291 2748 esse
1313 2686 1404 2762 puto.

690 2984 734 3054 lla
757 2985 988 3054 arrectaria

351 3113 479 3178 Graeca
498 3111 621 3194 lingua,
640 3112 773 3191 eiusque
788 3111 883 3193 ratio,
908 3129 1004 3192 quam
1029 3110 1143 3192 optimi
1165 3111 1230 3178 iam
1246 3108 1425 3190 scriptores

245 3239 310 3285 uon
346 3219 446 3284 semel
479 3218 601 3283 imitati
640 3223 727 3302 suut,
752 3224 908 3300 argentea
930 3221 1039 3284 aetate
1080 3217 1219 3284 maxime
1244 3216 1439 3297 increbuitp„

242 3326 339 3410 quod,
359 3324 437 3407 quin
454 3323 592 3390 maximo
608 3329 771 3390 momento
787 3323 885 3390 fuerit
898 3324 939 3389 ad
954 3324 1100 3407 linguam
1123 3324 1259 3390 latinam
1283 3341 1440 3390 commu·---

243 3435 375 3500 tendam
397 3438 495 3515 atque
513 3433 754 3513 depravandam
770 3450 864 3497 nemo
888 3438 947 3514 est,
973 3432 1028 3512 qui
1060 3427 1196 3496 dubitet.
1223 3431 1440 3499 recentiores.

244 3543 338 3626 enim,
363 3560 435 3607 cum
459 3540 595 3621 antiqua
617 3544 716 3620 atque
739 3539 884 3603 obsoleta
907 3538 1144 3622 existimarent,
1170 3557 1253 3618 quae
1275 3538 1421 3619 priorum

243 3650 276 3714 in
310 3667 372 3714 usu
395 3647 526 3714 fuerant
549 3665 740 3727 semperque
762 3645 856 3712 novis
880 3647 978 3711 rebus
1001 3645 1181 3728 studerent,
1205 3644 1345 3710 maxime
1368 3644 1440 3709 de--=

243 3757 452 3822 laetabantur
473 3773 512 3818 ea
528 3752 679 3833 loquendi
694 3753 832 3835 ratione,
848 3771 930 3832 quae
954 3752 1090 3818 latinam
1114 3750 1260 3834 linguam
1284 3769 1439 3834 graecae·

244 3877 340 3944 quam
374 3860 570 3927 simillimam
609 3859 747 3924 reddere
777 3859 883 3925 voluit
913 3864 947 3926 et
976 3859 1066 3926 illius
1097 3858 1337 3924 volubilitatem
1368 3859 1423 3924 vel

242 3968 450 4036 velocitatem
479 3971 578 4047 acque
608 3966 814 4049 brevitatem,
845 3985 940 4048 quam
970 3965 1004 4031 iu
1028 3965 1172 4046 ipsorum
1195 3964 1325 4032 dicendi
1349 3973 1423 4031 cou-

243 4075 418 4143 suetudine
440 4091 537 4155 saepe
561 4073 799 4157 desiderabaut,
824 4073 866 4140 ad
888 4074 974 4138 bauo
996 4071 1175 4138 transferre
1196 4071 1332 4138 studuit.

350 4193 468 4279 itaque
490 4210 596 4264 meum
617 4213 749 4279 quoque
772 4207 848 4264 esse·
865 4202 947 4280 puto
971 4196 1187 4279 Graecismos,
1210 4196 1269 4276 uui
1291 4195 1427 4278 quidem

241 4305 331 4389 apud
354 4305 438 4374 Veli.
460 4304 682 4388 inveniuntur,
713 4305 774 4370 boo
796 4305 867 4371 loeo
887 4321 1090 4387 eduma-are,
1114 4302 1246 4368 tametsi
1267 4319 1440 4367 numerus„

243 4429 350 4482 eorem
373 4431 438 4479 nou
461 4417 574 4478 tantus
595 4416 659 4496 est,
684 4416 826 4493 quantus
849 4411 938 4492 apud
959 4417 1084 4492 poetas,
1108 4408 1165 4490 qui
1187 4409 1340 4491 Augusto
1363 4409 1432 4474 im*
