3224 5050
708 439 885 500 ...8-

202 647 264 711 pro
301 625 437 692 sordidis
471 630 560 694 solita
598 634 687 710 suat,
723 629 815 692 etiam
853 629 888 691 ia
917 630 1056 694 oratione
1087 629 1167 713 quod
1196 649 1307 694 meam
1330 636 1386 705 est,

206 735 326 820 qaaerit
355 741 383 798 a
405 736 492 800 modo
523 736 652 819 antequa
682 733 771 798 cerba
798 741 887 820 atquo
909 736 1024 800 caelato
1046 742 1164 800 rancor
1187 756 1223 799 ao
1248 735 1386 819 prostat,

206 840 295 906 modo
320 844 407 926 fingit
437 850 464 906 et
493 845 598 928 epirote
629 841 769 921 1111111111,
798 841 896 921 modo,
927 842 962 906 id
990 843 1069 928 qttool
1100 862 1200 928 nuper
1223 843 1385 915 increbuit,

203 969 263 1036 pro
285 949 368 1012 cotto
390 949 517 1015 babetur
539 949 647 1014 aedua
669 950 832 1014 translatio
854 968 891 1012 oc
905 948 1090 1035 sreqreensf‘

314 1056 453 1122 Accedit
472 1076 520 1142 ec,
549 1056 635 1138 quod
658 1056 725 1122 illis
748 1057 950 1140 temporibus
974 1076 1014 1122 111
1038 1057 1214 1138 provinciis
1237 1059 1387 1126 urbibus·

205 1181 269 1244 que
282 1165 416 1230 remotis
428 1163 523 1230 multi
545 1163 690 1230 homines
713 1163 850 1228 Romam
874 1163 1091 1248 confluebant,
1115 1164 1172 1244 qui
1195 1183 1255 1230 sua
1279 1165 1386 1230 dieen-

204 1271 239 1336 di
263 1271 497 1336 consuetudine
521 1281 666 1336 veterem
679 1269 897 1334 Romanorum
922 1289 1101 1336 sermonem
1126 1273 1385 1352 corrumpebant.

207 1377 364 1458 imprimis
389 1382 498 1442 autem
522 1376 722 1444 Graecorum
746 1376 858 1458 lingua
881 1376 1018 1442 latinam
1042 1377 1188 1459 linguam
1212 1384 1386 1444 commuta-

206 1489 274 1549 tam
298 1491 396 1564 atquc
420 1483 633 1564 depravatam
657 1501 746 1565 1111,
771 1483 857 1548 inter
881 1501 991 1548 omnes
1015 1491 1151 1550 constat.
1182 1504 1274 1568 1111111
1299 1505 1382 1566 cum,

205 1592 392 1674 quicunque
411 1591 530 1657 artium
543 1591 654 1656 studia
666 1589 886 1671 adamaverat,
900 1591 1037 1656 multum
1060 1591 1095 1657 in
1119 1591 1256 1658 Graecis
1279 1593 1385 1660 literis

205 1704 394 1765 versaretur
428 1703 527 1778 atque
566 1716 683 1780 graece
717 1699 918 1779 loqueretur,
955 1698 1114 1778 paulatim
1150 1700 1264 1780 multa,
1301 1717 1385 1779 quae

206 1805 339 1888 proprie
363 1810 441 1869 sunt
464 1805 561 1870 huius
584 1805 717 1884 linguae
741 1804 782 1869 ad
805 1804 942 1870 latinam
965 1805 1109 1886 linguam
1135 1806 1329 1871 transibant.

316 1911 380 1978 Sed
410 1911 567 1989 expositis
598 1912 794 1986 summatim,
820 1912 938 1992 quibus
962 1911 1166 1992 potissimum
1189 1913 1316 1979 laboret
1338 1915 1384 1978 la-

207 2018 323 2083 tinitas
355 2023 511 2100 argentea
534 2017 635 2100 vitiis,
664 2018 705 2082 ad
734 2018 826 2100 illud,
851 2018 938 2100 quod
961 2019 1188 2100 explicandum
1212 2020 1289 2085 1111111
1314 2041 1386 2102 pro·

208 2125 312 2208 posui,
332 2124 437 2208 venio,
450 2130 488 2190 111
511 2124 669 2206 quomodo
693 2144 765 2192 cum
788 2131 970 2206 temporum
994 2134 1064 2192 tum
1087 2128 1226 2192 maxime
1252 2129 1387 2210 linguae

207 2232 304 2298 ruina
338 2249 380 2298 ex
415 2229 526 2300 Velleli
552 2230 717 2300 Paterculi
758 2231 850 2298 libris
878 2233 1029 2314 cognosci
1052 2234 1165 2316 possit,
1190 2241 1385 2314 perscruter.

208 2347 246 2405 ut
262 2357 408 2422 emagno
422 2339 617 2419 scriptorum
633 2359 777 2422 numero,
802 2341 858 2421 qui
882 2341 1046 2405 Caesarum
1063 2341 1262 2421 temporibus
1286 2343 1386 2408 libros

205 2464 416 2528 composuere
450 2446 610 2512 Velleium
645 2447 853 2513 Paterculum
888 2446 1091 2528 potissimum
1138 2449 1302 2530 eligerem,
1349 2433 1388 2516 ea

209 2554 392 2619 maximere
401 2571 473 2618 sum
481 2560 656 2636 permotus,
668 2555 753 2634 quod
765 2555 821 2620 ille
829 2554 953 2636 primus
963 2555 1257 2636 estscriptorillius
1267 2557 1386 2637 aetatis,

208 2662 345 2742 ideoque
366 2661 505 2740 pretium
527 2679 645 2741 operae
669 2679 740 2726 esse
764 2661 888 2742 putavi,
914 2671 1114 2744 argenteam,
1139 2667 1177 2726 ut
1199 2663 1247 2726 111
1271 2663 1386 2743 dicam,

208 2767 406 2833 latinitatem
437 2768 534 2832 huius
567 2767 735 2846 scriptoris
767 2785 962 2850 cognoscere
991 2774 1024 2833 et
1051 2786 1115 2833 non
1139 2769 1244 2832 solum
1267 2769 1387 2850 quibus

209 2876 243 2940 111
275 2877 373 2939 rebus
402 2876 442 2938 ab
467 2875 659 2954 optimorum
685 2875 880 2955 scriptorum
904 2874 1031 2940 dicendi
1053 2875 1180 2941 ratione
1203 2877 1388 2957 abhorreat,

210 2982 268 3047 sed
297 2981 406 3062 ctiam,
432 2999 516 3060 quae
540 2988 630 3047 11111
654 2982 800 3048 condicio
825 2983 945 3048 aetatis
969 2983 1048 3066 eins,
1074 2982 1303 3050 demonstrare.
1332 2983 1390 3050 sed

209 3088 288 3169 quia
317 3087 395 3153 mibi
429 3088 587 3169 persuasi,
611 3107 676 3153 non
700 3089 783 3154 satis
803 3089 883 3154 mibi
907 3107 979 3156 esse
1002 3090 1120 3156 virium
1144 3091 1186 3156 ad
1209 3092 1299 3156 illem
1322 3109 1389 3158 rem

212 3195 385 3276 diligenter
403 3200 502 3275 atque
526 3202 677 3260 accurate
701 3196 940 3278 perficiendam,
976 3197 1169 3276 praesertim
1204 3216 1276 3262 cum
1311 3216 1390 3277 pau·

207 3303 241 3368 -ci
257 3302 362 3366 adhuc
374 3302 431 3366 tali
449 3300 607 3366 studiose
621 3301 770 3367 dederint
786 3301 840 3387 (cf.
864 3304 1075 3387 Bernhardy,
1100 3303 1191 3368 Rbm.
1207 3303 1390 3368 Literetur-

212 3409 328 3475 Geseh.
353 3429 382 3490 p.
396 3407 474 3492 321)
498 3425 634 3489 quorum
651 3427 691 3474 cx
715 3411 868 3490 operibus
891 3409 1020 3474 fructus
1035 3411 1070 3473 in
1087 3427 1139 3474 me
1154 3409 1388 3492 redundarent,

210 3516 342 3583 veniam
365 3521 452 3598 peto,
476 3514 562 3596 quod
585 3515 651 3580 tale
674 3534 755 3596 opus
779 3514 913 3600 aggredi
937 3533 1037 3581 ausus
1062 3516 1132 3580 sim.

319 3624 368 3689 Ae
383 3622 522 3704 primum
539 3622 567 3686 11
584 3623 669 3705 11111,
694 3624 807 3705 paucis
824 3623 1003 3704 explicabo,
1036 3623 1304 3702 quemadmodum
1320 3623 1390 3688 illo·

207 3749 283 3795 rum
307 3735 488 3810 temporum
512 3733 763 3813 natura,quan1
791 3747 925 3812 prorsus
956 3729 1055 3796 aliam
1088 3735 1189 3810 atque
1220 3730 1325 3796 libera
1354 3748 1392 3796 re

212 3837 344 3917 publica
366 3836 467 3902 luisse
490 3835 620 3918 11111111,
645 3837 731 3918 apud
756 3837 915 3902 Velleium
927 3837 1138 3902 Paterculum
1162 3854 1291 3917 quoque
1318 3856 1390 3918 per-

208 3943 380 4026 spiciatur,
404 3947 474 4008 tum
490 3942 607 4023 quibus
624 3943 658 4008 in
681 3945 781 4010 rebus
804 3944 845 4008 ab
862 3944 1057 4024 optimorum
1073 3943 1268 4024 scriptorum
1285 3944 1391 4008 aloen.

211 4051 301 4116 tione
325 4049 463 4132 differat,
488 4049 666 4116 videamus.

320 4155 400 4240 Quis
416 4158 519 4240 igitur
535 4162 594 4240 111,
619 4157 773 4238 perlectis
790 4157 905 4223 Velleii
920 4156 1087 4235 Paterculi
1103 4155 1206 4240 libris,
1225 4155 1303 4236 quin
1318 4175 1392 4222 eon·

208 4263 318 4346 cedat,
341 4263 574 4330 liberalitatem
598 4263 699 4346 illam,
725 4283 789 4345 qua
813 4264 938 4344 priores
962 4261 1014 4327 usi
1037 4267 1123 4346 sunt,
1148 4261 1204 4343 qui
1220 4280 1285 4327 non
1301 4261 1392 4328 dubi·

211 4377 332 4456 tarent,
356 4387 567 4452 quaecunque
583 4369 783 4452 sentiebant,
807 4370 908 4436 libere
924 4367 1043 4451 dicere,
1066 4369 1196 4434 omnino
1212 4370 1301 4451 apud
1316 4389 1391 4436 eum
