3224 5050
758 430 802 442 ...
827 399 934 459 34...

220 629 224 636 ·
257 591 380 656 carone
411 610 475 656 non
493 609 612 674 omnes,
637 590 750 670 quiin
774 589 933 656 classibus
957 595 1059 672 erant,
1085 590 1217 676 (quibus
1240 597 1352 674 partes
1375 593 1436 659 vel

256 696 501 779 ordinespopuli
512 696 736 780 significabant
744 696 797 780 ur)
807 697 864 763 sed
872 697 995 778 primae
1007 702 1136 763 tanturn
1147 699 1261 766 classis
1273 698 1428 768 homines.

362 822 494 886 Oitcricr
517 825 558 888 ab
572 823 702 903 optimis
726 823 939 904 scriptoribus
961 842 1136 903 numquam
1161 824 1373 905 estpositum
1390 825 1428 890 de

254 939 410 1012 tempora
434 931 482 995 ita
506 931 772 996 hocrrocabulum
796 929 969 1010 usurpavit
992 930 1140 996 Velleius
1177 938 1203 996 1.
1218 931 1292 1013 17,2
1316 931 1350 996 in
1373 951 1437 1001 an·

252 1039 376 1120 tiquius
399 1038 576 1104 alteriusve
600 1036 782 1118 procedere.

361 1143 479 1209 October
503 1148 553 1210 θεῖ
582 1145 636 1225 qni
670 1143 920 1224 frequentatum
945 1144 1020 1210 indo
1043 1146 1204 1211 translate
1227 1165 1247 1210 a
1269 1148 1429 1212 recentio-

249 1254 341 1318 ribus
366 1253 505 1318 sumitur
527 1271 586 1333 pro
610 1252 714 1332 claro,
749 1251 926 1332 praeclaro.
953 1257 979 1315 1.
1005 1256 1057 1333 9,5
1077 1250 1249 1332 triumphi
1274 1253 1426 1320 celebres.

251 1367 279 1425 2.
295 1365 345 1442 7,5
396 1359 640 1424 celeberrimum
677 1359 797 1424 vinnm.
822 1364 850 1422 2.
864 1364 917 1441 8,3
956 1359 1101 1438 porticus
1131 1360 1283 1424 celebres.
1308 1367 1337 1424 2.
1353 1366 1426 1443 lae

248 1486 365 1532 nomen
378 1466 629 1531 celeberrimum.
644 1471 672 1530 2.
688 1471 761 1546 ll‚2
776 1465 978 1530 celeberrimi
992 1465 1098 1530 duces.
1110 1472 1290 1546 praeterea:
1300 1473 1328 1532 2.
1342 1472 1427 1551 58‚4.

248 1581 276 1640 2.
292 1580 374 1656 77,3.
400 1579 551 1662 2zllssi2·
576 1579 605 1638 2.
622 1577 725 1654 125‚5.
749 1572 881 1652 proprio
905 1590 1003 1637 sensu
1037 1578 1156 1638 exstat.
1184 1579 1299 1655 2.91,1
1325 1575 1427 1656 Alpes

248 1681 328 1746 ieris
351 1681 550 1759 incultisque
572 1679 760 1744 nationibus
782 1677 933 1744 celebres.
958 1684 986 1742 2.
1004 1682 1098 1760 104‚3
1124 1681 1334 1746 celeberrima
1350 1701 1426 1763 pars

246 1788 374 1854 Italiae.
892 1771 893 1774 ¹

352 1892 482 1973 Effasrrs
505 1891 704 1959 transfertur
724 1893 766 1958 ad
789 1893 860 1957 loca
883 1892 1012 1958 etidem
1035 1897 1086 1958 θεῖ
1102 1897 1140 1957 aa
1156 1899 1281 1977 vastae,
1298 1900 1424 1976 patens.

247 2010 275 2069 2.
288 2009 359 2080 43,1
394 2001 608 2067 effusissimae
632 2000 730 2064 maris
753 1999 914 2065 Adriatici
946 2000 1045 2064 sinus.
1074 1999 1112 2065 ci.
1136 2001 1210 2067 Tac.
1240 2001 1347 2068 Germ.
1385 2009 1422 2068 31

246 2109 348 2174 effusa
371 2110 451 2174 loca.
481 2107 568 2188 apud
607 2106 798 2174 Ciceronem
827 2106 913 2171 idem
943 2112 994 2171 est
1024 2125 1063 2171 ac
1092 2107 1255 2188 profusus.
1280 2108 1318 2174 cf.
1342 2111 1426 2176 Vell.

246 2219 274 2282 2.
287 2221 359 2299 41‚1
387 2214 611 2282 munificentia
635 2211 858 2279 otiosissimus

351 2339 471 2404 Fatalis
494 2358 580 2405 mors
604 2343 663 2421 est,
690 2357 771 2418 quac
795 2357 859 2403 non
883 2339 990 2404 subito
1004 2338 1064 2426 ,sed
1079 2339 1255 2406 secundnm
1271 2348 1424 2407 naturam

243 2449 337 2516 venit
361 2453 395 2514 et
418 2447 592 2528 opponitur
615 2445 778 2511 violentae
801 2446 906 2510 morti.
932 2449 1027 2527 24,ss
1053 2464 1111 2510 seu
1127 2445 1261 2512 tatalem
1278 2465 1335 2513 seu
1352 2467 1432 2513 con-x

241 2557 354 2622 flatam
377 2555 507 2620 insidiis
523 2557 659 2619 mortem
676 2553 765 2617 obiit.
790 2555 818 2616 2.
831 2558 906 2634 49,1
935 2551 1030 2616 fatali
1046 2557 1149 2617 morte
1165 2551 1267 2634 iungi.
1290 2556 1424 2636 propria

242 2655 294 2730 est
317 2665 396 2728 haec
420 2660 615 2742 significatio
638 2659 869 2727 vocisVelleii
892 2663 926 2723 et
948 2659 1073 2724 anullo
1089 2660 1152 2724 alio
1173 2661 1221 2724 ita
1237 2667 1424 2742 usurpatur,

348 2783 542 2879 Principalis
566 2786 695 2867 proprie
718 2793 769 2852 θεῖ
791 2785 915 2866 primus
939 2791 998 2850 ant
1019 2784 1224 2868 praecipuum
1249 2789 1289 2852 ab
1307 2806 1423 2870 orgen.

239 2901 313 2961 teae
336 2895 457 2959 aetatis
481 2893 695 2975 scriptoribus
720 2892 840 2956 dicitur
863 2892 903 2956 de
926 2893 1034 2975 rebus,
1059 2911 1142 2971 quae
1162 2892 1205 2956 ad
1233 2894 1421 2986 principem,

240 3002 349 3066 idest
374 3000 416 3064 ad
441 3004 610 3081 Caesarem,
635 2999 809 3080 pertinent.
834 3001 862 3062 2.
878 3003 950 3080 56,3
970 2998 1160 3079 principalis
1176 3000 1277 3079 quiae.
1302 3003 1330 3064 2.
1346 3007 1420 3083 93,2

239 3108 422 3174 ministeria
436 3103 637 3187 principalia.
663 3109 803 3189 2.‚124‚3
829 3105 1022 3186 principalia
1048 3109 1315 3188 opera.2.127,3
1335 3108 1431 3188 prin--

240 3216 358 3297 cipalia
383 3233 490 3280 onera.

347 3320 473 3385 Procas
496 3326 547 3385 θεῖ
569 3319 696 3401 tavena,
722 3319 898 3386 studiosus.
924 3321 951 3383 1.
965 3321 1018 3401 9‚2
1043 3319 1121 3398 quin
1145 3319 1264 3386 Rhodii
1295 3340 1422 3402 quoque

238 3431 406 3514 proniores
429 3429 518 3510 regis
542 3427 692 3508 partibus
712 3427 877 3492 visisunt.
902 3430 932 3492 2.
947 3433 1021 3507 69,ss
1037 3444 1145 3506 neque
1160 3428 1315 3509 reperias,
1340 3447 1420 3508 quos

238 3538 370 3622 pronior
394 3536 527 3600 fortuna
551 3535 706 3599 comitata
729 3533 781 3599 sit.
807 3531 870 3618 (ita
893 3533 1024 3615 saepius
1047 3531 1137 3618 Tac.)
1161 3536 1326 3616 propriam
1354 3537 1428 3602 vim

238 3648 339 3712 habet
364 3646 478 3724 1.16‚r
505 3659 625 3724 gurges
649 3659 779 3722 pronus.

351 3765 468 3831 Uaicas
490 3765 574 3830 idem
598 3771 650 3831 est
673 3785 711 3831 ao
735 3765 923 3847 singularia,
946 3765 1143 3846 praecipuus
1167 3773 1201 3830 et
1216 3766 1358 3831 sumitur
1377 3767 1418 3831 ab

238 3877 369 3957 optimis
401 3873 615 3954 scriptoribus
645 3873 868 3938 tantummodo
900 3873 933 3938 in
956 3874 1074 3938 bonam
1107 3877 1240 3953 partem.
1273 3873 1419 3939 Velleius

238 3983 318 4049 dicit
341 3983 383 4047 in·
399 3980 517 4044 malam
541 3985 675 4060 partem.
701 3982 729 4044 2.
745 3983 795 4062 7,2
831 3980 907 4046 huic
931 3979 1098 4044 atrocitati
1122 3979 1286 4044 adiectum
1311 3981 1418 4046 scelus

238 4091 378 4157 unicum.

345 4266 466 4346 Verba,
490 4283 573 4345 quae
595 4284 716 4334 novam
738 4267 860 4332 babent
888 4263 1158 4346 significationem
1188 4265 1277 4344 apud
1298 4265 1430 4331 Vellei--

237 4394 292 4440 nm
316 4378 394 4439 sunt
415 4373 512 4438 haec:
