3224 5050
632 441 636 448 '
722 461 899 522 -43-
1013 476 1016 481 f

325 644 386 712 Ea.
411 648 473 714 hae
497 648 580 714 duae
603 650 797 734 locutiones,
821 671 862 718 ex
886 653 1024 719 diverso.
1040 661 1068 719 2.
1084 655 1196 735 101,3.
1212 657 1245 718 11
1276 673 1318 720 cx
1348 655 1398 720 in·

206 762 350 836 :sperato
375 757 513 836 2.112,6
539 758 688 838 propriae
709 765 790 824 sunt
824 766 1009 842 argenteae.
1024 759 1201 828 latinitatis
1224 779 1337 842 neque,
1356 763 1393 828 iu

212 862 364 944 priorum
387 863 481 928 libris
505 869 650 928 exstant.

325 967 366 1033 Io
395 969 526 1035 finalem
565 971 632 1034 vim
664 973 763 1038 habet
793 992 868 1038 raro
906 973 992 1053 apud
1032 974 1170 1054 optimos
1209 975 1396 1058 scriptores,

208 1076 350 1158 saepius
366 1076 442 1142 inde
457 1077 594 1142 aLivio.
612 1084 640 1142 2.
654 1083 730 1158 4l‚3
746 1080 779 1144 in
792 1080 860 1144 hoc.
879 1085 907 1145 2.
919 1085 998 1161 47,4
1013 1082 1048 1146 in
1075 1081 1110 1146 id
1121 1082 1236 1162 ipsum.
1254 1089 1284 1149 2.
1302 1085 1395 1166 114,2

218 1185 252 1248 in
276 1184 336 1248 hoc
360 1183 472 1248 solum.
497 1186 524 1248 2.
539 1189 615 1266 68,4
650 1185 684 1250 in
709 1186 817 1250 omnia
840 1186 878 1251 ci.
903 1187 953 1252 uti
976 1189 1103 1269 alqare
1118 1188 1151 1252 in
1169 1189 1254 1270 alqd.
1279 1193 1396 1274 2.41,2

211 1309 329 1356 somno
354 1296 387 1354 et
410 1289 481 1368 cibo
504 1290 538 1354 in
562 1291 667 1356 vitam
691 1311 756 1357 non
780 1294 813 1357 in
844 1294 1056 1373 voluptatem.
1081 1299 1221 1378 2.118,2
1253 1296 1396 1378 segnitie

214 1385 592 1463 111111111111111111
616 1399 757 1464 sceleris.
782 1406 811 1464 2.
825 1403 898 1480 97,1
924 1401 1052 1466 venalis
1076 1401 1110 1466 in
1133 1403 1247 1466 omnia,

181 1575 183 1580 ,
324 1506 359 1567 io
381 1505 633 1585 praepositionis
651 1524 728 1572 usus
752 1509 907 1572 abhorret
922 1509 963 1572 ab
981 1508 1104 1588 optimc
1121 1508 1249 1575 dicendi
1264 1510 1393 1576 ratione

217 1613 269 1678 his
292 1612 388 1678 locis:
417 1614 507 1694 1.9,2
532 1613 566 1676 in
601 1631 638 1677 eo
669 1614 763 1678 bello.
788 1617 816 1679 2.
831 1616 905 1698 242
947 1615 981 1680 in
1012 1616 1120 1696 priore
1150 1634 1244 1681 anuo.
1279 1623 1308 1681 2.
1320 1621 1398 1699 44,4

204 1719 252 1784 ‚in
276 1719 336 1784 hoc
359 1719 540 1784 consulatu.
565 1722 594 1784 2.
606 1725 681 1803 48,1
707 1720 739 1785 in
758 1721 898 1787 secundo
915 1722 1095 1786 consulatu.
1121 1725 1260 1804 2.115,5
1285 1723 1319 1788 in
1335 1724 1396 1788 hoc

214 1831 310 1892 tanto
334 1827 427 1892 bello.
452 1829 586 1909 2.116,1
616 1827 758 1892 inbelle
782 1827 977 1896 Delmatico,
1001 1826 1063 1912 (it-a
1086 1827 1182 1913 reoc.)

325 1930 390 1996 Sat
410 1952 434 1998 c.
452 1933 514 1998 abl.
539 1932 579 2016 (-
601 1933 768 2014 wahrend,
786 1933 906 2017 gagen)
924 1934 964 2000 dc
979 1941 1125 2016 tempore
1146 1935 1274 2001 dicitur.
1292 1936 1395 2021 (Poet.

216 2041 290 2107 Liv.
314 2039 410 2125 recc.)
434 2041 518 2106 Vell.
543 2043 571 2104 2.
586 2045 659 2124 24,1
686 2043 746 2107 sub
770 2042 912 2108 adventu
936 2043 1043 2108 Sullae.

326 2145 427 2232 Super
449 2167 474 2214 c.
498 2167 561 2214 acc.
585 2148 748 2231 siguificat
778 2149 855 2214 inde
871 2168 891 2214 a
907 2149 1063 2216 Sallustio
1078 2149 1207 2215 modum
1222 2169 1397 2217 excessum.

217 2256 250 2319 V
251 2255 302 2320 111.
326 2259 462 2338 2.130,1
489 2275 587 2337 super
609 2258 783 2322 humanam
805 2255 901 2322 fidem
924 2257 1027 2322 evehi.

681 2601 821 2712 caput
852 2594 925 2690 Vl.

649 2792 692 2859 lle
710 2792 968 2861 pronominibus.

325 2933 374 2999 Ne
397 2934 432 2998 iu
456 2937 680 3014 pronominum
702 2937 830 3017 quidem
848 2955 909 3003 usu
925 2939 1062 3002 multum
1079 2939 1233 3003 abhorret
1248 2935 1393 3002 Velleius

218 3059 241 3106 a
263 3041 408 3121 priorum
435 3040 588 3120 loquendi
619 3044 853 3109 consuetudine
887 3048 920 3109 et
950 3062 1054 3124 pauca
1083 3042 1305 3108 tautummodo
1336 3045 1397 3109 hoc

221 3148 291 3213 loco
315 3148 593 3213 commemoranda
615 3153 700 3214 suut.
869 3235 871 3240 ,

327 3253 503 3322 Pronomae
518 3257 723 3340 possessivum
746 3255 891 3323 Velleius
907 3257 1097 3338 saepissime
1112 3258 1318 3324 substantivo
1339 3275 1397 3338 per

210 3363 455 3430 abundantiam
479 3364 585 3444 addit,
611 3368 649 3429 ut
671 3363 736 3443 vis,
762 3382 846 3444 qme
868 3365 955 3444 apud
985 3365 1123 3444 optimos
1154 3364 1331 3444 scriptores
1362 3362 1398 3426 iu

220 3488 258 3534 co
282 3470 399 3554 inerat,
424 3489 526 3551 paene
542 3471 679 3552 periisse
694 3471 853 3535 videatur.
870 3470 910 3535 cf.
938 3475 1051 3552 1.16,1
1077 3489 1200 3550 nequeo
1213 3476 1397 3550 temperare

218 3576 310 3658 mihi,
327 3578 405 3658 quin
421 3597 491 3644 rem
507 3597 605 3660 saepe
621 3579 779 3658 agitatam
796 3579 904 3643 animo
920 3595 992 3642 meo
1005 3577 1130 3660 signem
1147 3578 1232 3643 stilo.
1256 3583 1285 3642 2.
1301 3583 1396 3658 120,6

221 3683 342 3749 caldus
367 3684 485 3750 Caelius
514 3687 701 3766 complexus
733 3693 923 3750 catenarum
954 3685 1084 3768 seriem,
1119 3685 1235 3765 quibus
1265 3685 1398 3750 vinctus

219 3794 303 3871 erat,
332 3791 382 3855 ita
411 3791 487 3855 illas
518 3792 613 3856 illisit
644 3791 744 3873 capiti
776 3809 845 3872 suo,
878 3797 916 3856 ut
946 3797 1006 3856 etc.
1038 3789 1077 3855 cl.
1109 3793 1137 3856 2.
1153 3793 1237 3872 22,1.
1270 3795 1398 3872 2.29,4.

220 3903 250 3962 2.
263 3901 348 3981 41,4.
374 3905 402 3963 2.
415 3903 499 3964 432.
524 3905 553 3962 2.
566 3903 651 3980 823.
676 3900 704 3962 2.
718 3903 802 3980 88,3.
828 3899 977 3977 2.124,4.
1002 3896 1141 3978 saepius

326 4001 505 4072 Pronomae
528 4003 799 4068 demonstrativum
822 4004 884 4088 hic,
901 4005 992 4086 haec,
1010 4005 1070 4069 hoo
1093 4005 1238 4070 Velleius
1266 4004 1396 4086 saepius

218 4130 317 4192 quam
340 4112 467 4193 priores
490 4120 523 4178 et
545 4112 615 4178 fere
642 4112 754 4178 eodem
786 4111 879 4176 modo
904 4130 966 4192 quo
989 4112 1033 4193 ie,
1065 4129 1120 4194 ea,
1151 4111 1186 4176 id
1218 4112 1327 4191 posuit
1358 4109 1398 4176 cl.

221 4221 339 4301 2.41,3
361 4219 447 4284 idem
470 4227 585 4301 postea
605 4221 653 4284 ita
676 4238 711 4285 11
727 4238 785 4300 per
802 4237 895 4284 omne
911 4221 1062 4302 spatium,
1088 4237 1151 4299 quo
1167 4220 1209 4284 ab
1225 4219 1277 4283 his
1292 4223 1400 4283 reten-

219 4328 275 4389 tus
298 4331 360 4407 est,
384 4327 472 4406 apud
495 4345 550 4393 eos
573 4328 687 4410 gessit,
712 4331 750 4391 ut
772 4325 898 4407 pariter
920 4325 972 4390 his
994 4325 1113 4390 terrori
1128 4325 1398 4405 venerationique

219 4434 318 4496 esset.
342 4437 371 4498 2.
385 4438 460 4514 62,2
484 4434 612 4499 laudati
635 4434 819 4514 quicunque
842 4449 877 4498 se
900 4431 951 4496 his
978 4432 1143 4497 exercitus
1175 4431 1400 4497 tradidissent.
