3224 5050
730 455 905 518 -—.11--

229 663 294 708 nou
317 649 433 725 potest,
458 643 536 724 quin
560 663 679 726 magua
703 663 775 710 oum
798 645 968 728 diligentia
995 649 1101 714 omnia
1116 667 1200 732 quae
1223 655 1257 718 et
1278 651 1342 735 ipsi
1365 659 1400 718 et

229 749 373 816 familiae
399 769 478 818 suae
509 751 624 816 houori
654 751 843 834 gloriaeque
873 771 946 820 esse
977 760 1145 839 poterant,
1175 764 1401 826 commemoret

229 858 287 942 ita,
323 865 359 922 ut
386 863 489 923 totam
519 857 588 924 1111
617 859 720 924 vitam
751 859 821 926 eius
848 861 882 926 in
913 861 995 927 libro
1018 865 1199 945 expositam
1221 865 1400 932 videamus.

223 966 269 1032 cf.
291 967 320 1032 2.
346 971 418 1048 76,1
466 965 551 1047 quod
584 965 690 1032 alieno
713 968 935 1034 testimonium
957 967 1136 1052 redderem,
1159 990 1196 1038 eo
1220 992 1284 1038 nou
1313 971 1402 1038 1111-

230 1074 311 1140 dabo
346 1091 443 1138 avum
479 1091 598 1156 meum,
635 1074 1001 1157 11111110.111111111,
1036 1078 1286 1145 honoratissimo
1314 1081 1401 1144 iuter

227 1181 300 1248 illos
324 1187 488 1247 1111111111
512 1184 545 1246 11
568 1181 742 1262 sexaginta
764 1181 970 1248 iudicesloco
994 1203 1014 1248 a
1037 1184 1092 1250 Cu.
1116 1186 1269 1270 Pompeio
1284 1187 1399 1269 lectus,

227 1289 371 1354 eiusdem
394 1288 559 1368 Marcique
570 1288 666 1353 Bruti
690 1307 728 1354 ac
750 1289 887 1354 Neronis
910 1289 1081 1370 praefectus
1093 1289 1230 1378 fabrum,
1254 1293 1306 1360 vir
1318 1293 1401 1358 nulli

227 1395 395 1476 secundus,
413 1397 604 1477 11111112
639 1412 744 1476 neque
764 1413 824 1478 ego
840 1395 1037 1462 verecundia
1050 1397 1217 1465 domestici
1229 1401 1400 1482 sanguinis

227 1503 352 1586 gloriae
375 1503 558 1583 quicquam,
576 1500 652 1566 dum
662 1521 776 1567 verum
788 1501 904 1587 refero,
919 1505 1118 1588 subtraham,
1133 1507 1250 1590 quippe
1262 1508 1400 1573 multum

227 1610 366 1677 Munatii
390 1610 492 1692 Magii
515 1610 606 1674 atavi
630 1609 692 1674 mei
722 1610 957 1676 Aeculanensis
979 1611 1188 1678 tribuendum
1211 1619 1262 1678 est
1285 1631 1401 1678 memo·

228 1719 307 1798 riae,
332 1717 388 1797 qui
412 1723 471 1782 etc.
496 1719 525 1782 2.
552 1722 645 1800 115,l
662 1717 697 1782 iu
714 1733 778 1797 qua
793 1717 937 1800 regione,
962 1717 1051 1798 quali
1067 1718 1215 1784 adiutore
1230 1721 1401 1802 legatoque

227 1825 332 1892 fratre
354 1842 423 1890 meo
445 1825 557 1905 Magio
581 1823 694 1890 Celere
716 1823 886 1889 Velleiauo
910 1843 989 1890 usus
1019 1825 1072 1907 sit,
1104 1826 1206 1909 ipsius
1236 1827 1401 1910 patrisque

228 1933 298 1998 eius
323 1919 563 2015 praedicatione
597 1937 755 1998 testatum
786 1935 855 2012 est,
880 1938 913 1996 et
932 1932 1208 2016 ,amplissimorum
1231 1935 1400 2016 honorum,

225 2041 344 2122 quibus
378 2039 583 2120 triumphans
615 2056 688 2104 eum
713 2036 834 2102 Caesar
868 2037 1012 2121 donavit,
1047 2039 1159 2122 signat
1193 2041 1347 2106 memoria
1372 2043 1400 2104 2.

229 2152 324 2229 104,3
356 2147 417 2210 hoc
447 2152 577 2228 tempus
601 2163 652 2210 me
682 2143 829 2209 functum
854 2150 931 2212 ante
954 2147 1124 2212 tribunatu
1148 2153 1329 2214 castrorum
1353 2147 1401 2212 ui.

222 2255 380 2322 'Caesaris
414 2252 550 2316 militem
584 2251 677 2332 fecit,
702 2252 823 2335 quiippe
845 2253 995 2335 protinus
1019 2255 1060 2318 ah
1085 2253 1257 2337 adoptione
1281 2253 1401 2318 missus

227 2381 301 2426 cum
318 2379 354 2426 11
367 2358 552 2442 1111111111
566 2359 710 2438 equitum
733 2360 767 2424 in
779 2359 990 2426 Germaniam
1002 2379 1169 2426 successor
1185 2361 1282 2426 cilicii
1298 2361 1402 2444 patris
1448 2438 1450 2444 ¹

227 2468 301 2550 mei,
325 2465 629 2532 caelestissimorum
646 2466 716 2531 eius
736 2484 867 2550 opernm
890 2485 949 2548 per
971 2486 1074 2534 anuos
1102 2469 1271 2534 continuos
1287 2487 1402 2534 novem

225 2573 412 2658 praefectus
447 2577 505 2637 aut
537 2571 666 2652 legatus
697 2579 862 2654 spectator
893 2579 926 2638 et
956 2592 1015 2656 pro
1046 2587 1144 2657 captu
1168 2575 1402 2642 mediocritatis

225 2701 317 2748 meae
340 2681 470 2744 adiutor
493 2678 549 2744 fui.
582 2682 610 2744 2.
637 2683 733 2762 lana
780 2698 875 2761 quem
899 2680 956 2766 (11.
979 2681 1194 2765 triumphum)
1228 2683 1306 2764 mihi
1339 2681 1404 2748 111-

225 2789 334 2869 trique
368 2806 438 2853 meo
473 2787 560 2852 inter
593 2788 787 2870 praecipuos
822 2789 1070 2872 praecipuisque
1106 2789 1198 2854 donis
1227 2788 1402 2855 adornatos

225 2895 315 2960 viros
340 2894 489 2959 comitari
512 2894 658 2975 contigit.
683 2895 970 2977 111111111112.
996 2899 1079 2978 52,4.
1104 2899 1134 2962 2.
1153 2899 1238 2982 69,5.
1263 2900 1292 2962 2.
1307 2900 1402 2979 101,2

233 3008 268 3068 et
293 3008 320 3066 a.
345 3005 373 3065 a.
389 3001 494 3083 maa.
520 3005 668 3084 a.111,a.
693 3005 1105 3088 angiriacensis.

333 3109 449 3174 Totam
457 3109 616 3174 rationem
625 3126 732 3192 porro,
747 3111 887 3189 quamin
896 3111 1035 3176 historia
1044 3110 1264 3200 componenda
1273 3116 1405 3176 secutus

225 3222 277 3282 est
300 3216 453 3297 Velleius,
478 3215 621 3280 moribus
645 3234 683 3280 ac
714 3220 853 3282 naturae
880 3217 1010 3282 illorum
1041 3222 1224 3304 temporum
1253 3217 1382 3281 omuino

225 3323 408 3406 convenire,
423 3324 543 3406 optime
557 3322 719 3406 Sanppius
732 3323 767 3388 in
779 3325 861 3390 Mus.
886 3323 1017 3390 Helvet.
1032 3327 1125 3390 1837.
1150 3326 1175 3390 Ι.
1187 3343 1217 3406 p.
1233 3327 1295 3389 158
1312 3323 1405 3388 nobis

226 3430 457 3512 comprobavit,
483 3430 574 3494 cuius
590 3432 693 3496 verba
720 3449 791 3496 oum
816 3431 1041 3497 emendatione
1063 3429 1194 3495 minime
1207 3436 1335 3514 egeant,
1370 3431 1405 3495 in

227 3536 414 3600 memoriam
422 3542 596 3602 revocasse
604 3537 684 3601 satis
693 3537 795 3602 habeo
806 3563 813 3618 ;
825 3538 885 3602 hoc
900 3535 1155 3620 unumreferam,
1169 3537 1331 3602 Velleium
1340 3557 1405 3604 nou

196 3635 198 3639 ’
223 3653 297 3714 ¹tam
334 3643 520 3709 continuam
545 3662 659 3709 1111111
691 3643 912 3709 Romanarum
938 3643 1107 3709 historiam
1123 3660 1219 3724 quam
1240 3645 1406 3709 homiuum

236 3751 563 3829 rerumquemaxime
584 3751 842 3816 memorabilium
857 3750 1135 3816 enumerationem
1152 3750 1246 3816 nobis
1270 3748 1406 3816 dedisse.

334 3855 399 3922 Sed
424 3858 573 3937 quoniam
586 3857 733 3923 breviter
756 3857 900 3940 exposui,
927 3839 1021 3937 quae¹
1035 3856 1077 3922 ad
1099 3862 1253 3922 naturam
1276 3856 1407 3921 illorum

222 3969 405 4046 temporum
430 3964 605 4046 pertinent,
627 3967 660 4028 et
683 3965 892 4046 comprobavi
908 3963 1068 4030 Velleium
1083 3965 1301 4032 Paterculum
1324 3981 1408 4028 com-

224 4071 369 4136 munium
395 4076 571 4154 argenteae
606 4071 728 4135 aetatis
753 4070 910 4137 vitiorum
945 4071 1078 4136 minime
1102 4074 1268 4164 expertem
1291 4069 1405 4154 fuisse,

224 4175 267 4242 ad
288 4178 425 4244 alteram
449 4177 690 4244 dissertationis
715 4182 841 4260 partem
864 4179 970 4262 venio,
995 4195 1060 4259 qua
1083 4182 1263 4259 argenteae
1295 4176 1407 4244 latini-

223 4283 304 4347 tatis
327 4283 428 4366 vitia,
463 4303 542 4348 num
571 4284 606 4348 in
629 4283 747 4350 Velleii
771 4301 899 4366 quoque
922 4284 1072 4358 oratione,
1094 4284 1333 4367 invenirentur,
1357 4284 1407 4350 iu·

224 4388 356 4470 quirere
378 4389 583 4472 propositum
606 4397 666 4455 est.
