3224 5050
741 435 919 498 „45-

340 650 455 694 merere
481 635 507 694 1.
522 633 583 710 5,1.
609 629 770 714 (Propert.
795 626 903 714 Ovid.)

340 736 437 801 obniti
462 743 488 803 1.
503 739 565 817 9,6.
590 735 718 821 (Verg.)

335 843 439 928 placet
463 850 490 909 2.
506 849 589 924 77,2.
615 848 643 908 2.
660 839 779 926 110,1.(
803 841 878 908 inde
902 861 922 908 a
944 841 1064 926 Livio.)

338 970 509 1036 proponere
533 953 561 1015 2.
577 949 660 1031 53,1.
696 954 725 1014 2.
740 955 825 1031 602.

341 1057 492 1121 sustinere
524 1061 552 1122 2.
565 1059 650 1140 22,5.
682 1059 710 1121 2.
723 1059 810 1138 40,4.
842 1059 969 1139 usin.
1003 1059 1130 1139 2.su‚2.
1159 1054 1305 1140 (saepius
1337 1057 1414 1122 inde

230 1181 256 1228 a
281 1162 430 1244 Velleio.)

339 1309 448 1354 vacare
473 1293 599 1371 2.15‚1.
625 1292 653 1354 2.
670 1291 774 1370 110,3.
800 1288 890 1373 (inde
914 1307 933 1353 a
958 1285 1128 1370 Vergilio)

259 1417 265 1430 ·
340 1397 529 1462 Infinitivus
557 1396 663 1462 rarius
695 1397 844 1477 sequitur
870 1397 950 1461 haec
982 1395 1156 1460 adiectiva:

344 1499 499 1566 absurdus
532 1505 559 1567 2.
575 1507 659 1582 38,l.
683 1501 848 1587 (Sallust.)

346 1616 501 1674 centenos
529 1612 557 1675 2.
575 1613 680 1690 rouo.
705 1613 733 1674 2.
750 1613 856 1691 rrae.
882 1606 1304 1693 arreptoarrepto.)
1384 1625 1385 1628 ¹

344 1716 519 1794 familiaris
543 1723 571 1781 2.
598 1721 681 1798 30,3.

344 1823 442 1887 luctus
467 1827 495 1889 2.
511 1829 595 1904 71,4.

340 1950 599 2014 superuacaneum
623 1937 666 1994 ost
690 1937 718 1996 2.
733 1936 816 2013 362.
841 1928 1002 2016 (Sallust.)

341 2043 439 2100 tutum
464 2045 507 2100 cst
530 2041 680 2122 2.110,3.
705 2036 790 2122 (niv.
815 2039 963 2119 Propere
986 2037 1109 2121 Quint.)

339 2146 436 2208 moris
454 2150 497 2206 est
519 2163 591 2209 cum
615 2144 671 2210 inl.
696 2145 844 2211 Velleius
856 2145 979 2226 primus
993 2145 1086 2212 dixit.
1110 2150 1237 2226 2.40,3.
1255 2142 1410 2229 (prior-es:

228 2271 303 2318 mos
327 2251 400 2338 est.)

341 2377 443 2442 Porro
467 2377 589 2441 mentio
613 2376 762 2442 iacienda
787 2383 838 2442 est
861 2378 1090 2443 nonnullorum
1113 2378 1266 2458 locorum,
1292 2377 1410 2457 quibus

232 2484 339 2549 rorior
371 2488 480 2550 exstat
511 2483 665 2550 infinitivi
698 2503 785 2550 usus
815 2487 907 2568 1.s,3
932 2490 1002 2549 tum
1025 2484 1166 2550 Athenis
1189 2483 1339 2565 perpetui
1362 2502 1413 2548 ar-

236 2592 369 2657 chontes
400 2609 471 2656 esse
503 2590 679 2673 desierunt,
711 2598 953 2672 coeperuntque
980 2591 1014 2656 in
1045 2591 1145 2655 denos
1173 2608 1275 2656 annos
1299 2589 1413 2655 creari.

229 2696 313 2782 (Cic.
338 2695 431 2763 Caes.
462 2698 568 2778 coepti
603 2696 704 2782 sunt.)
736 2700 764 2763 2.
780 2703 832 2780 3,3
863 2696 1045 2763 discordiae
1069 2697 1191 2762 civium
1215 2702 1315 2762 antea
1339 2715 1412 2761 con-

234 2803 418 2869 dicionibus
433 2805 545 2868 sonori
559 2804 667 2868 solitae
681 2805 770 2872 ferro
794 2805 999 2870 diiudicatae.
1025 2809 1164 2886 2.118,1
1196 2803 1289 2867 solito
1312 2805 1411 2869 armis
1452 2853 1454 2857 v

230 2908 372 2975 discerni
393 2911 465 2977 iure
488 2913 675 2978 terminare.

343 3018 415 3084 Non
447 3020 586 3085 multum
615 3021 771 3086 abhorret
803 3020 949 3086 Velleius
979 3020 1013 3084 in
1041 3019 1279 3100 particularum
1302 3025 1338 3082 ut
1358 3018 1413 3085 vel

230 3143 275 3189 oro
299 3144 359 3191 usu
383 3144 403 3190 e
426 3127 568 3206 priorum
593 3126 720 3193 dicendi
743 3127 984 3193 consuetudine.

343 3231 486 3314 Repperi
509 3234 606 3299 haec:

233 3339 354 3404 mereri
390 3345 423 3402 ut
458 3344 610 3424 2.·130,5.
646 3342 759 3404 mereri
791 3361 829 3405 oe
864 3343 995 3424 2.12,5.
1032 3340 1258 3423 refragatius
1282 3345 1409 3425 2.40,5.

241 3444 333 3531 (inde
357 3447 488 3528 eVell.)

343 3555 462 3634 Itaque
523 3555 628 3620 Vellei
690 3573 818 3636 quoque
883 3554 1029 3634 exemplo
1074 3555 1234 3633 probatur
1278 3555 1413 3621 infiniti·

230 3679 314 3728 vum
344 3660 446 3726 multo
478 3660 680 3728 usitatiorem
711 3679 782 3727 esse
813 3660 958 3741 coepisse
981 3660 1068 3740 apud
1090 3661 1289 3727 recentiores
1317 3681 1413 3742 quam

232 3787 337 3833 aurea
352 3773 462 3834 aetate
477 3768 664 3851 latinitatis,
680 3769 874 3850 porticulum
891 3771 926 3829 ot
949 3773 1057 3832 autem
1081 3785 1180 3849 saepe
1202 3769 1243 3833 ab
1268 3786 1304 3834 eo
1329 3785 1415 3835 sum·

233 3880 358 3940 ¹motem
381 3891 462 3958 esse,
487 3875 521 3940 id
545 3876 629 3955 quod
652 3874 811 3955 imprimis
835 3893 856 3938 a
877 3873 983 3954 poetis
1007 3879 1187 3954 protectum
1210 3881 1270 3941 est.

346 3982 626 4048 Oonstnrctionem
646 3982 826 4047 accusativi
843 3999 915 4046 cum
931 3981 1092 4047 infinitivo
1109 3982 1224 4064 optimi
1239 3983 1415 4064 scriptores

231 4106 303 4154 ‚non
326 4089 564 4155 coniunxerunt
587 4108 660 4155 cum
683 4090 734 4154 his
757 4089 875 4155 verbis:

345 4194 460 4259 odiict’o
484 4203 512 4261 2.
526 4199 611 4280 272.
634 4195 723 4281 (Tac.
747 4196 858 4280 Quint.
883 4194 986 4281 Ourt.)

344 4303 379 4365 e'rt
403 4306 538 4380 confesso
560 4309 604 4367 cst
627 4306 655 4369 2.
669 4307 754 4384 85,5.
778 4302 876 4389 (Plln.
900 4297 989 4386 Tac.)

345 4409 474 4474 instituo
498 4416 526 4476 2.
541 4416 602 4493 6,3.
628 4409 731 4496 (Post.
755 4408 859 4493 Suet.)

345 4517 493 4581 contendo
503 4518 543 4602 (:
552 4517 611 4583 aui
617 4525 719 4583 etwas
725 4517 891 4599 bestehen,
907 4515 1070 4600 dringend
1080 4514 1273 4602 verlangen)
1288 4519 1316 4581 2.
1329 4519 1416 4599 4s,1.
