3224 5050
715 433 894 492 ..51-

208 626 324 686 autem
355 622 533 688 Pannoniis
563 641 628 688 non
671 622 862 704 disciplinae
905 625 1130 694 tantummodo
1165 626 1223 691 sed
1260 624 1394 708 linguae

209 747 342 809 sonoque
365 729 484 796 notitia
506 730 681 797 Romanae.
706 730 768 813 (ita
791 728 887 811 rece.)

324 833 396 901 Non
423 873 460 884 --
486 836 540 901 aad
563 856 679 922 quaeque
702 837 808 903 rarius
832 838 955 904 dictum
978 844 1036 904 est.
1061 839 1143 905 Vell.
1169 843 1296 923 2223.

328 943 422 1008 Ut-
445 945 490 1018 ito
525 945 560 1010 in
585 944 709 1010 deliciis
733 949 784 1010 est
807 945 932 1011 Velleio
955 950 990 1011 et
1012 947 1141 1027 saepius
1166 965 1262 1028 quam
1285 947 1393 1012 vicies

210 1051 354 1132 scripsit.
378 1051 429 1116 bis
452 1071 510 1132 pro
538 1053 590 1118 bis
602 1052 773 1132 particulis
804 1058 912 1117 exstat
934 1053 1188 1137 quaemadmodum
1225 1091 1269 1102 -
1303 1055 1349 1117 ita
1372 1053 1390 1116 1

217 1164 300 1241 raa
326 1165 354 1224 n.
384 1162 464 1240 rna
487 1164 522 1222 ut
546 1195 583 1204 -
611 1160 655 1222 sto
678 1159 764 1224 dixit
786 1160 868 1224 Van.
893 1165 1031 1242 asnaa

321 1265 412 1331 Haec
445 1267 553 1351 habui,
590 1284 674 1346 quae
712 1266 752 1332 de
782 1266 954 1347 particulis
992 1268 1131 1350 singulis
1170 1269 1317 1350 dicerem
1351 1287 1392 1334 ex

212 1370 253 1438 iis
277 1381 387 1438 autem
410 1393 493 1454 quae
516 1374 657 1456 contuli,
680 1372 777 1439 facile
799 1373 1028 1458 intellegitur,
1058 1376 1093 1440 in
1116 1377 1207 1441 nulla
1219 1395 1255 1442 re
1277 1393 1389 1442 reccu-

208 1481 314 1546 tiores
351 1481 456 1562 rrragis
504 1483 545 1546 ab
584 1482 706 1562 optima
741 1481 867 1546 dicendi
896 1483 1023 1547 ratione
1063 1483 1255 1548 dissensisse
1293 1502 1390 1563 quam

212 1587 486 1668 inparticularum
497 1607 559 1654 nsu
569 1594 602 1654 et
611 1589 819 1668 iisimprimis
829 1589 962 1672 linguae
973 1590 1099 1654 ruinam
1112 1590 1344 1673 damnoatque,
1353 1595 1391 1656 ut

212 1695 260 1759 ita
291 1695 405 1777 dicam,
439 1696 592 1776 perniciei
632 1695 744 1762 fuisse.
781 1696 864 1761 adde
902 1698 977 1780 boc,
1003 1715 1043 1762 ex
1081 1716 1240 1777 quorem
1270 1695 1318 1762 ita
1356 1715 1391 1761 se

213 1804 342 1887 habere,
367 1803 487 1886 optime
515 1805 664 1869 elucebit.
682 1808 760 1868 sunt
774 1803 847 1886 loci,
873 1803 991 1883 quibus
1008 1803 1092 1869 duae
1106 1804 1288 1884 particulae
1305 1803 1390 1870 idem

210 1912 434 1992 significantes
457 1930 516 1991 per
539 1911 774 1976 abundantiam
798 1911 990 1976 coniunctae
1011 1911 1241 1993 inveniuntur,
1273 1911 1322 1976 ita
1353 1916 1391 1976 ut

211 2019 264 2084 vel
288 2019 385 2084 nnius
407 2020 461 2085 vel
477 2018 612 2084 alterius
635 2017 686 2084 vis
704 2018 832 2082 omnino
848 2017 1014 2082 interiisse
1030 2016 1190 2082 videatur.
1207 2016 1247 2082 cf.
1272 2023 1301 2082 2.
1314 2019 1389 2097 23,3

153 2109 155 2114 ’
208 2145 247 2188 oc
269 2125 381 2188 driade
403 2132 470 2208 post
495 2132 522 2190 2.
537 2129 611 2202 70‚4
632 2130 705 2207 post
727 2143 846 2205 paucos
875 2122 988 2188 deivido
1011 2123 1089 2190 dies.
1114 2128 1254 2207 2,117,1
1278 2123 1314 2188 in
1330 2124 1391 2188 hoc

210 2231 319 2294 saltam
343 2229 561 2296 tantummodo.
585 2231 788 2297 abundantia
810 2231 844 2296 in
868 2231 928 2296 hoc
945 2249 1073 2313 quoque
1087 2231 1157 2296 loco
1173 2231 1260 2297 inest
1284 2237 1313 2296 2.
1327 2235 1391 2312 4,1.

212 2339 348 2419 interim,
359 2337 434 2403 dom
446 2340 526 2404 haec
541 2343 709 2420 geruntur.
725 2338 877 2404 minimae
893 2356 991 2403 curae
1007 2338 1132 2404 Velleio
1148 2344 1273 2404 rectum
1289 2338 1392 2418 parti·

211 2447 360 2512 cularum
383 2464 477 2512 usum
508 2445 620 2528 fuisse,
653 2445 729 2510 inde
759 2461 887 2525 quoqne
919 2445 1155 2527 cognoscimus,
1190 2444 1276 2526 quod
1307 2444 1390 2508 alias

209 2554 354 2620 crebrius
378 2553 524 2637 admisit,
549 2557 595 2617 ut:
621 2552 742 2633 quippe
765 2551 854 2636 (plus
871 2569 967 2632 quam
990 2551 1186 2634 quadragies
1218 2550 1389 2635 invenies)

208 2668 246 2729 ut
271 2697 312 2708 -
337 2661 395 2742 ita,
419 2659 499 2726 adeo
527 2666 574 2742 ut,
606 2663 692 2742 tum,
724 2660 765 2724 al.
789 2659 872 2724 alias
904 2663 1014 2724 autem
1046 2676 1104 2724 seu
1134 2658 1301 2722 rarissime
1332 2675 1390 2722 seu

207 2770 383 2848 numquam
407 2767 564 2832 adhibuit:
587 2767 668 2847 sive,
694 2764 809 2846 quoad,
835 2783 959 2847 nempe,
985 2763 1095 2848 donec,
1121 2771 1181 2831 etc.

314 2890 518 2971 Contemptio
550 2891 708 2971 quaedam
739 2891 862 2972 legum,
896 2907 977 2970 quas
1000 2889 1124 2970 priores
1155 2890 1190 2954 in
1214 2889 1385 2970 particulis

209 2998 367 3079 ponendis
391 2997 620 3079 adhibuerunt,
646 3001 782 3078 apparet
806 3015 846 3062 ex
868 2997 921 3063 bis
946 3013 1072 3077 quoque
1087 2997 1175 3063 locis:
1201 3004 1229 3062 2.
1244 3002 1306 3080 3,4.
1322 3015 1388 3062 non

208 3107 295 3172 enim
318 3105 363 3170 ibi
377 3105 561 3170 consistunt
584 3102 741 3185 exempla,
759 3103 846 3169 unde
862 3109 1046 3184 coeperunt.
1064 3103 1136 3188 (pro
1153 3122 1258 3185 neque
1275 3103 1386 3188 enim.)

210 3220 238 3280 1.
252 3219 326 3299 33‚3
353 3233 427 3280 nam
451 3229 556 3294 neque
578 3212 751 3292 Pompeius
775 3228 967 3291 quemquam
999 3211 1127 3277 omnino
1159 3229 1269 3292 parem
1302 3210 1387 3277 tulit.

209 3326 350 3404 2.119,4
376 3339 441 3386 non
487 3320 573 3386 enim
613 3319 760 3384 desertor
793 3316 966 3400 superfuit,
990 3317 1047 3384 sed
1082 3317 1228 3384 desertor
1263 3317 1390 3383 occidit

210 3433 237 3493 1.
252 3413 656 3508 raanontamenputoza
671 3429 765 3508 121,1
792 3441 916 3506 aequus
933 3443 1037 3506 quam.
1063 3430 1091 3489 2.
1110 3427 1185 3506 552
1205 3443 1270 3490 non
1296 3424 1390 3490 dissi-

208 3533 295 3600 milis
318 3549 423 3614 quam.

314 3640 395 3706 Cum
425 3641 659 3720 particularum
687 3659 749 3706 usu
780 3639 946 3706 artissime
978 3639 1213 3704 sententiarum
1245 3657 1388 3718 compre·

198 3749 380 3816 hensiones
395 3754 430 3814 et
444 3747 568 3829 periodi
579 3745 763 3814 cohaerent.
779 3747 904 3827 priores
916 3744 1002 3810 anim
1018 3763 1141 3812 summo
1155 3763 1250 3826 opere
1261 3763 1388 3826 semper

207 3857 240 3923 id
264 3856 449 3938 studebant,
475 3859 512 3919 ut
541 3856 714 3921 enuntiata
736 3855 868 3936 singula
892 3853 1071 3934 aptissimis
1101 3853 1272 3934 particulis
1300 3852 1388 3918 inter

207 3981 244 4029 se
266 3968 447 4046 necterent,
472 3967 510 4028 ut
533 3961 638 4046 facile,
664 3961 822 4044 quomodo
843 3979 943 4026 unum
975 3960 1180 4026 enuntiatum
1211 3977 1252 4024 cx
1283 3959 1386 4028 altero

208 4069 388 4148 profectum
412 4075 508 4154 essct,
545 4074 803 4151 cognosceretur.
840 4068 1038 4132 recentiores
1072 4070 1181 4135 autem
1204 4065 1290 4132 banc
1316 4085 1386 4132 rem

207 4176 431 4258 neglexerunt.
455 4196 496 4243 ex
518 4195 652 4244 numero
675 4194 785 4244 eorum
810 4174 910 4240 etiam
926 4173 1072 4240 Velleius
1088 4179 1147 4254 est,
1173 4173 1229 4255 qui
1244 4174 1387 4254 plerum·

208 4298 271 4362 qne
302 4288 360 4347 aut
389 4285 494 4350 tardis
526 4283 668 4366 periodis
698 4287 757 4349 aut
787 4282 949 4358 brevibus,
972 4280 1265 4364 enuntiationibus,
1302 4298 1386 4362 quae

195 4389 315 4454 dicere
331 4390 471 4474 volebat,
496 4392 602 4458 literis
618 4390 797 4474 mandavit,
821 4408 887 4458 non
902 4389 951 4454 ita
967 4386 1133 4455 studiosus
1149 4387 1384 4454 sententiarum

194 4496 294 4562 ,inter
317 4513 352 4560 se
375 4496 682 4579 coniungendarum.
706 4504 806 4579 atque
830 4495 959 4562 etiamsi
981 4493 1201 4574 testinatione,
1230 4510 1296 4574 qua
1324 4495 1385 4562 lib·
