3224 5050
724 409 900 470 „43-

317 599 427 666 Oetero
450 599 628 686 (iibrigens
652 601 697 666 im
719 601 894 682 Uebrigen.
917 580 1032 674 τᾶλλα,
1057 593 1097 661 roi
1121 592 1249 681 λοιπά).
1275 603 1303 664 2.
1316 601 1395 678 462

211 714 322 775 cetera
333 709 567 774 sanctissimus.
582 714 609 773 2.
626 712 724 789 ilat
739 712 849 772 cetera
865 707 1005 787 quietus.
1020 704 1124 786 (Poet.
1137 705 1210 770 Lir.
1226 723 1300 768 raro
1315 703 1394 788 Cic.)

321 811 493 898 Ecquando
504 833 577 880 cum
602 814 763 894 particula
785 832 823 876 aa
846 814 1055 878 camenctum
1064 812 1238 878 rarissime
1252 810 1394 878 inveniri

211 923 361 1005 Draeger
383 923 560 987 confirmat.
593 920 683 1006 (bist.
708 920 835 1002 Syntax
859 921 885 986 Ι.
908 940 938 1001 p.
962 918 1042 1004 318)
1083 918 1166 984 Vell.
1203 922 1321 1001 2.14,2
1346 935 1396 982 ec·

216 1028 391 1110 quandone
414 1029 551 1093 similem
576 1029 638 1093 mei
661 1027 763 1094 civem
788 1028 920 1093 habebit
942 1046 996 1094 res
1020 1024 1171 1106 publica?

323 1132 367 1198 Et
389 1154 448 1216 pro
462 1137 561 1201 etiam
584 1139 693 1200 exstat
719 1141 745 1199 1.
760 1140 822 1218 2,4.
846 1153 884 1199 ea
907 1139 1102 1214 tempestate
1119 1138 1153 1198 et
1168 1132 1269 1214 Tyria
1282 1133 1396 1198 classis

210 1241 318 1308 Gadis
348 1243 501 1308 condidit.
528 1247 622 1324 1.4‚3
647 1261 721 1306 nam
756 1248 791 1307 et
813 1243 911 1308 lones
933 1239 1072 1322 profecti
1099 1240 1238 1305 Athenis
1269 1243 1395 1320 partem

212 1350 357 1431 regionis
379 1349 561 1414 maritimae
585 1367 786 1429 occupauere.
814 1353 840 1416 1.
854 1351 906 1432 9‚2
935 1352 1060 1429 l.18,l.
1084 1353 1113 1413 2.
1127 1352 1189 1431 9,4.
1213 1347 1338 1412 celebre
1362 1351 1396 1410 et

217 1457 339 1523 Lucilii
363 1476 479 1522 nomen
502 1456 573 1522 fuit.
599 1462 716 1539 2.65,1.
741 1461 890 1539 2.111,1.
916 1459 944 1520 2.
960 1461 1064 1540 1142.
1088 1454 1233 1540 (saepius
1256 1455 1305 1520 ita
1324 1472 1397 1535 par·

217 1565 321 1630 ticula
343 1564 395 1630 usi
418 1569 495 1629 sunt
518 1564 634 1631 Livius
658 1570 691 1628 et
713 1562 934 1646 recentiores.)

325 1676 352 1734 et
366 1689 424 1754 pro
440 1689 545 1751 neque
569 1671 603 1736 in
620 1671 789 1737 enuntiato
806 1671 959 1754 negativo
976 1670 1060 1736 dixit
1074 1669 1221 1736 Velleius
1246 1670 1397 1749 21082.

325 1777 545 1845 Maroboduus
576 1797 641 1843 uon
672 1778 921 1842 tumultuarium
949 1795 1052 1856 neque
1081 1774 1253 1841 fortuitum
1292 1792 1398 1856 neque

215 1881 366 1950 mobilem
389 1890 418 1946 er
441 1902 482 1949 ex
503 1885 676 1951 voluntate
698 1886 885 1966 parentium
901 1890 1104 1950 constantem
1121 1883 1294 1963 occupavit
1310 1881 1399 1962 prin·

214 1991 374 2072 cipatum.
1186 2011 1190 2017 ’

325 2102 353 2159 at
376 2097 507 2177 saepius
531 2117 627 2178 quam
650 2098 738 2178 apud
753 2099 877 2180 priores
900 2097 1151 2162 transitionibus
1174 2097 1293 2178 servit;
1318 2114 1396 2160 non-

215 2223 394 2284 numquam
408 2210 517 2270 autem
539 2223 612 2270 cum
628 2205 661 2270 vi
678 2205 817 2287 quadam
832 2225 890 2286 pro
905 2225 939 2268 ro
954 2223 1035 2287 cero,
1056 2207 1204 2288 profecto,
1226 2203 1396 2285 similibus

219 2310 362 2392 positum
387 2317 446 2375 est.
471 2309 510 2376 cl.
535 2317 564 2376 2.
577 2317 641 2394 4,2.
665 2319 693 2377 2.
708 2318 769 2396 5,2.
794 2317 909 2393 2524.
934 2318 993 2378 etc.

326 2414 435 2500 Itaque
463 2419 657 2496 particulam
688 2419 764 2483 inde
793 2438 813 2483 a
842 2419 938 2486 Livio
967 2419 1098 2500 saepius
1127 2417 1270 2484 secundo
1301 2422 1399 2498 atque

218 2522 317 2589 tertio
341 2524 410 2588 loco
435 2524 598 2589 enuntiati
622 2524 761 2605 positam
786 2525 943 2591 invenies.
967 2526 1143 2591 secundum
1176 2525 1281 2590 locum
1313 2522 1400 2604 apud

218 2631 568 2714 ueneramus.
593 2635 719 2715 asar.
744 2639 772 2697 a.
788 2639 871 2715 coa.
896 2635 1046 2716 2,111‚4.
1071 2639 1099 2698 a
1115 2637 1220 2716 uqa.

327 2734 403 2801 Moe
417 2738 562 2804 Velleius
585 2740 770 2820 aequalium
786 2741 968 2821 exemplum
984 2745 1117 2806 secutus
1134 2739 1324 2821 saepissime
1340 2756 1399 2820 pro

219 2843 339 2909 cernue
362 2843 482 2925 posuit.
509 2847 611 2929 1.1‚2.
639 2851 742 2930 aaa.
767 2853 796 2912 a.
811 2850 872 2930 aa
897 2850 926 2912 a.
941 2852 1024 2929 aaa.
1048 2853 1108 2912 erc.
1367 2833 1370 2842 '

328 2951 432 3033 primo
456 2988 500 2996 —
522 2971 607 3020 mox.
631 2958 757 3019 aaut.
780 2959 908 3037 2.55,1.
933 2956 1060 3037 2821.
1083 2957 1235 3037 2.118,3.

329 3057 419 3138 prior
441 3094 485 3102 -
508 3077 591 3125 mox.
616 3065 645 3124 2.
659 3065 743 3142 37,3.

330 3160 473 3246 Namque
496 3170 530 3230 et
561 3166 670 3230 etenim
692 3167 885 3250 particulae,
910 3173 948 3233 ut
969 3186 1043 3232 raro
1075 3169 1116 3234 ab
1139 3187 1258 3234 aureae
1281 3167 1401 3234 aetatis

219 3268 437 3350 scriptoribus
462 3278 639 3352 usurpatae
662 3280 756 3357 sunt,
780 3274 828 3338 ita
852 3274 939 3354 apud
962 3274 1235 3340 Velleiumsemel
1256 3279 1401 3341 exstant.
1471 3293 1475 3304 ’

219 3382 352 3458 2.86,3·.
376 3375 542 3464 (namque)
567 3385 595 3443 2.
611 3384 716 3463 1023.
740 3379 897 3466 (etenim.)

332 3480 380 3548 Ne
395 3484 558 3572 particula
574 3487 740 3554 rarissime
751 3471 868 3569 'partes
891 3488 1158 3570 interrogationis
1183 3487 1401 3556 disiunctivae

223 3590 312 3656 inter
334 3609 370 3656 se
392 3592 540 3674 copulat;
569 3593 620 3658 bis
644 3594 731 3675 apud
756 3595 918 3661 Velleium
933 3597 980 3660 ita
1003 3595 1184 3662 adhibitam
1207 3596 1401 3662 invenimus.

225 3703 255 3762 2.
266 3699 342 3773 40,1
378 3702 491 3764 secuta
530 3699 648 3768 deiude
683 3701 738 3768 Cn.
761 3702 895 3784 Pompei
918 3703 1042 3786 militia,
1078 3703 1202 3786 gloriae
1237 3703 1402 3770 laborisne

224 3803 356 3870 maioris
398 3805 557 3871 incertum
599 3811 658 3874 est
694 3813 723 3873 2.
737 3814 809 3873 202
844 3828 903 3890 per
937 3810 1193 3891 quinquennium
1212 3810 1402 3877 diiudicari
1473 3847 1475 3853 ·

223 3930 291 3976 non
320 3910 428 3992 potuit
457 3912 615 3995 Hispanis
637 3914 837 3982 Romanisne
867 3916 902 3982 in
926 3917 1024 3982 armis
1058 3918 1131 3999 plus
1155 3920 1244 3982 esset
1266 3917 1402 3984 roboris.

332 4013 488 4101 Perqoom
505 4017 546 4104 (=
568 4021 654 4104 sehr,
671 4041 732 4104 gar
747 4020 848 4108 sehr),
867 4041 952 4104 quae
967 4024 1131 4104 particula
1147 4041 1213 4088 non
1226 4025 1402 4090 multorum

222 4123 421 4204 scriptorum
447 4125 482 4189 iu
505 4145 567 4192 usu
591 4131 651 4212 est,
686 4129 831 4196 Velleius
855 4131 984 4212 saepius
1008 4130 1166 4196 adhibuit.
1191 4135 1306 4212 2.31,1
1331 4149 1403 4212 per·

226 4248 323 4312 quam
346 4225 566 4298 laudabiliter
579 4234 696 4301 iurare.
721 4242 750 4301 2.
766 4239 841 4318 962
866 4237 986 4302 bellum
997 4255 1154 4318 perquam
1178 4237 1321 4304 vicinum
1345 4238 1404 4302 irn-

221 4336 371 4402 minebat
384 4336 510 4404 italiae.
535 4346 564 4406 2.
581 4343 677 4423 101‚2
690 4360 846 4423 perquam
870 4344 994 4408 clarum
1006 4346 1236 4425 spectaculum.
1261 4343 1401 4428 a.113,3

222 4460 383 4525 perquam
407 4443 607 4511 laboriosum
629 4447 701 4512 iter.
