<?xml version="1.0" encoding="UTF-8"?>
<!DOCTYPE html PUBLIC "-//W3C//DTD XHTML 1.0 Transitional//EN"
    "http://www.w3.org/TR/xhtml1/DTD/xhtml1-transitional.dtd">
<html xmlns="http://www.w3.org/1999/xhtml" xml:lang="en" lang="en">
 <head>
  <title>
</title>
<meta http-equiv="Content-Type" content="text/html;charset=utf-8" />
  <meta name='ocr-system' content='tesseract 3.04.00' />
  <meta name='ocr-capabilities' content='ocr_page ocr_carea ocr_par ocr_line ocrx_word'/>
</head>
<body>
  <div class='ocr_page' id='page_1' title='image "./quaestionesgram01feligoog_0052.png"; bbox 0 0 3224 5050; ppageno 0'>
   <div class='ocr_carea' id='block_1_1' title="bbox 720 438 896 498">
    <p class='ocr_par' dir='ltr' id='par_1_1' title="bbox 720 438 896 498">
     <span class='ocr_line' id='line_1_1' title="bbox 720 438 896 498; baseline 0.023 -20"><span class='ocrx_word' id='word_1_1' title='bbox 720 438 896 498; x_wconf 79' lang='grc'>-47-</span> 
     </span>
    </p>
   </div>
   <div class='ocr_carea' id='block_1_2' title="bbox 320 625 923 1032">
    <p class='ocr_par' dir='ltr' id='par_1_2' title="bbox 320 625 641 710">
     <span class='ocr_line' id='line_1_2' title="bbox 320 625 641 710; baseline 0.016 -23"><span class='ocrx_word' id='word_1_2' title='bbox 320 625 467 710; x_wconf 63' lang='lat' dir='ltr'><strong>praedico</strong></span> <span class='ocrx_word' id='word_1_3' title='bbox 491 632 641 710; x_wconf 88' lang='grc'><strong>2.123,3.</strong></span> 
     </span>
    </p>

    <p class='ocr_par' dir='ltr' id='par_1_3' title="bbox 320 717 923 1032">
     <span class='ocr_line' id='line_1_3' title="bbox 320 717 923 821; baseline 0.01 -25"><span class='ocrx_word' id='word_1_4' title='bbox 320 733 472 816; x_wconf 77' lang='lat' dir='ltr'><strong>praefari</strong></span> <span class='ocrx_word' id='word_1_5' title='bbox 495 740 524 800; x_wconf 93' lang='grc'><strong>2.</strong></span> <span class='ocrx_word' id='word_1_6' title='bbox 538 737 623 819; x_wconf 84' lang='grc'><strong>37,4.</strong></span> <span class='ocrx_word' id='word_1_7' title='bbox 648 733 739 818; x_wconf 90' lang='lat' dir='ltr'><strong>(inde</strong></span> <span class='ocrx_word' id='word_1_8' title='bbox 760 717 782 801; x_wconf 86' lang='lat' dir='ltr'><strong>¹a</strong></span> <span class='ocrx_word' id='word_1_9' title='bbox 803 735 923 821; x_wconf 87' lang='lat' dir='ltr'><strong>Livio.)</strong></span> 
     </span>
     <span class='ocr_line' id='line_1_4' title="bbox 322 841 780 927; baseline 0.013 -24"><span class='ocrx_word' id='word_1_10' title='bbox 322 847 498 925; x_wconf 69' lang='lat' dir='ltr'><strong><em>praetexere</em></strong></span> <span class='ocrx_word' id='word_1_11' title='bbox 521 848 550 908; x_wconf 96' lang='grc'><strong>2.</strong></span> <span class='ocrx_word' id='word_1_12' title='bbox 568 847 653 923; x_wconf 88' lang='grc'><strong>62,3.</strong></span> <span class='ocrx_word' id='word_1_13' title='bbox 676 841 780 927; x_wconf 79' lang='lat' dir='ltr'><strong>(Tac.)</strong></span> 
     </span>
     <span class='ocr_line' id='line_1_5' title="bbox 324 948 654 1032; baseline 0.009 -21"><span class='ocrx_word' id='word_1_14' title='bbox 324 948 479 1032; x_wconf 70' lang='lat' dir='ltr'><strong>speculare·</strong></span> <span class='ocrx_word' id='word_1_15' title='bbox 503 955 532 1015; x_wconf 87' lang='grc'><strong>2.</strong></span> <span class='ocrx_word' id='word_1_16' title='bbox 547 951 654 1032; x_wconf 63' lang='lat' dir='ltr'><strong>nea.</strong></span> 
     </span>
    </p>
   </div>
   <div class='ocr_carea' id='block_1_3' title="bbox 663 1231 949 1351">
    <p class='ocr_par' dir='ltr' id='par_1_4' title="bbox 663 1231 949 1351">
     <span class='ocr_line' id='line_1_6' title="bbox 663 1231 949 1351; baseline -0.003 -23"><span class='ocrx_word' id='word_1_17' title='bbox 663 1237 803 1351; x_wconf 88' lang='lat' dir='ltr'><strong>eaput</strong></span> <span class='ocrx_word' id='word_1_18' title='bbox 834 1231 949 1330; x_wconf 92' lang='lat' dir='ltr'>VIII.</span> 
     </span>
    </p>
   </div>
   <div class='ocr_carea' id='block_1_4' title="bbox 679 1395 933 1481">
    <p class='ocr_par' dir='ltr' id='par_1_5' title="bbox 679 1395 933 1481">
     <span class='ocr_line' id='line_1_7' title="bbox 679 1395 933 1481; baseline 0.008 -18"><span class='ocrx_word' id='word_1_19' title='bbox 679 1395 724 1463; x_wconf 86' lang='lat' dir='ltr'><strong>lle</strong></span> <span class='ocrx_word' id='word_1_20' title='bbox 748 1395 933 1481; x_wconf 78' lang='lat' dir='ltr'><strong>particulis.</strong></span> 
     </span>
    </p>
   </div>
   <div class='ocr_carea' id='block_1_5' title="bbox 135 1521 1399 4387">
    <p class='ocr_par' dir='ltr' id='par_1_6' title="bbox 216 1521 1399 1927">
     <span class='ocr_line' id='line_1_8' title="bbox 323 1521 1399 1604; baseline 0.003 -17"><span class='ocrx_word' id='word_1_21' title='bbox 323 1521 442 1587; x_wconf 82' lang='lat' dir='ltr'>Restat</span> <span class='ocrx_word' id='word_1_22' title='bbox 472 1521 530 1586; x_wconf 83' lang='lat' dir='ltr'><strong>illa</strong></span> <span class='ocrx_word' id='word_1_23' title='bbox 560 1521 708 1602; x_wconf 85' lang='lat' dir='ltr'>opusculi</span> <span class='ocrx_word' id='word_1_24' title='bbox 733 1540 819 1604; x_wconf 86' lang='lat' dir='ltr'><strong>pers,</strong></span> <span class='ocrx_word' id='word_1_25' title='bbox 843 1523 878 1587; x_wconf 92' lang='lat' dir='ltr'><strong>in</strong></span> <span class='ocrx_word' id='word_1_26' title='bbox 901 1542 965 1603; x_wconf 87' lang='lat' dir='ltr'><strong>qua</strong></span> <span class='ocrx_word' id='word_1_27' title='bbox 989 1522 1028 1588; x_wconf 91' lang='lat' dir='ltr'><strong>de</strong></span> <span class='ocrx_word' id='word_1_28' title='bbox 1051 1521 1286 1602; x_wconf 88' lang='lat' dir='ltr'><strong>particularum</strong></span> <span class='ocrx_word' id='word_1_29' title='bbox 1309 1523 1399 1604; x_wconf 91' lang='lat' dir='ltr'><strong>apud</strong></span> 
     </span>
     <span class='ocr_line' id='line_1_9' title="bbox 217 1628 1397 1712; baseline 0.003 -19"><span class='ocrx_word' id='word_1_30' title='bbox 217 1629 377 1696; x_wconf 90' lang='lat' dir='ltr'><strong>Velleium</strong></span> <span class='ocrx_word' id='word_1_31' title='bbox 394 1647 466 1709; x_wconf 90' lang='lat' dir='ltr'><strong>usu,</strong></span> <span class='ocrx_word' id='word_1_32' title='bbox 481 1646 499 1694; x_wconf 94' lang='lat' dir='ltr'><strong>e</strong></span> <span class='ocrx_word' id='word_1_33' title='bbox 515 1629 634 1709; x_wconf 84' lang='lat' dir='ltr'><strong>quibus</strong></span> <span class='ocrx_word' id='word_1_34' title='bbox 658 1629 779 1694; x_wconf 88' lang='lat' dir='ltr'><strong>multas</strong></span> <span class='ocrx_word' id='word_1_35' title='bbox 803 1629 869 1694; x_wconf 90' lang='lat' dir='ltr'><strong>alia</strong></span> <span class='ocrx_word' id='word_1_36' title='bbox 893 1637 926 1696; x_wconf 88' lang='lat' dir='ltr'><strong>et</strong></span> <span class='ocrx_word' id='word_1_37' title='bbox 949 1628 1077 1694; x_wconf 88' lang='lat' dir='ltr'><strong>ratione</strong></span> <span class='ocrx_word' id='word_1_38' title='bbox 1101 1633 1136 1695; x_wconf 91' lang='lat' dir='ltr'><strong>et</strong></span> <span class='ocrx_word' id='word_1_39' title='bbox 1158 1629 1397 1712; x_wconf 81' lang='lat' dir='ltr'><strong>significatione</strong></span> 
     </span>
     <span class='ocr_line' id='line_1_10' title="bbox 216 1735 1398 1818; baseline 0.001 -16"><span class='ocrx_word' id='word_1_40' title='bbox 216 1749 316 1818; x_wconf 92' lang='lat' dir='ltr'><strong>atque</strong></span> <span class='ocrx_word' id='word_1_41' title='bbox 344 1736 431 1815; x_wconf 87' lang='lat' dir='ltr'><strong>apud</strong></span> <span class='ocrx_word' id='word_1_42' title='bbox 454 1753 573 1801; x_wconf 83' lang='lat' dir='ltr'>aureae</span> <span class='ocrx_word' id='word_1_43' title='bbox 597 1735 776 1802; x_wconf 80' lang='lat' dir='ltr'><strong>latinitatis</strong></span> <span class='ocrx_word' id='word_1_44' title='bbox 799 1737 975 1817; x_wconf 83' lang='lat' dir='ltr'><strong>scriptores</strong></span> <span class='ocrx_word' id='word_1_45' title='bbox 999 1755 1019 1801; x_wconf 90' lang='lat' dir='ltr'><strong>a</strong></span> <span class='ocrx_word' id='word_1_46' title='bbox 1041 1737 1276 1812; x_wconf 82' lang='lat' dir='ltr'><strong>recentioribus</strong></span> <span class='ocrx_word' id='word_1_47' title='bbox 1300 1756 1398 1803; x_wconf 88' lang='lat' dir='ltr'><strong>usur.</strong></span> 
     </span>
     <span class='ocr_line' id='line_1_11' title="bbox 216 1842 1135 1927; baseline -0.001 -18"><span class='ocrx_word' id='word_1_48' title='bbox 216 1859 312 1927; x_wconf 86' lang='lat' dir='ltr'><strong>patas</strong></span> <span class='ocrx_word' id='word_1_49' title='bbox 336 1861 418 1926; x_wconf 89' lang='lat' dir='ltr'><strong>esse,</strong></span> <span class='ocrx_word' id='word_1_50' title='bbox 443 1843 507 1908; x_wconf 90' lang='lat' dir='ltr'><strong>iam</strong></span> <span class='ocrx_word' id='word_1_51' title='bbox 531 1862 630 1924; x_wconf 89' lang='lat' dir='ltr'><strong>supra</strong></span> <span class='ocrx_word' id='word_1_52' title='bbox 654 1842 731 1926; x_wconf 85' lang='lat' dir='ltr'><strong>dixi,</strong></span> <span class='ocrx_word' id='word_1_53' title='bbox 755 1846 855 1910; x_wconf 89' lang='lat' dir='ltr'><strong>verba</strong></span> <span class='ocrx_word' id='word_1_54' title='bbox 880 1851 956 1910; x_wconf 87' lang='lat' dir='ltr'><strong>sunt</strong></span> <span class='ocrx_word' id='word_1_55' title='bbox 979 1843 1135 1909; x_wconf 88' lang='lat' dir='ltr'><strong>iacienda.</strong></span> 
     </span>
    </p>

    <p class='ocr_par' dir='ltr' id='par_1_7' title="bbox 214 1947 1396 2232">
     <span class='ocr_line' id='line_1_12' title="bbox 323 1947 1396 2034; baseline -0.003 -19"><span class='ocrx_word' id='word_1_56' title='bbox 323 1951 396 2034; x_wconf 81' lang='lat' dir='ltr'><strong>Qua</strong></span> <span class='ocrx_word' id='word_1_57' title='bbox 431 1969 558 2032; x_wconf 91' lang='lat' dir='ltr'><strong>quoque</strong></span> <span class='ocrx_word' id='word_1_58' title='bbox 592 1950 627 2015; x_wconf 93' lang='lat' dir='ltr'><strong>in</strong></span> <span class='ocrx_word' id='word_1_59' title='bbox 649 1969 686 2015; x_wconf 90' lang='lat' dir='ltr'><strong>re</strong></span> <span class='ocrx_word' id='word_1_60' title='bbox 712 1950 872 2031; x_wconf 87' lang='lat' dir='ltr'><strong>optimum</strong></span> <span class='ocrx_word' id='word_1_61' title='bbox 902 1968 976 2016; x_wconf 88' lang='lat' dir='ltr'><strong>esse</strong></span> <span class='ocrx_word' id='word_1_62' title='bbox 1006 1955 1085 2031; x_wconf 89' lang='lat' dir='ltr'><strong>puto</strong></span> <span class='ocrx_word' id='word_1_63' title='bbox 1117 1951 1265 2033; x_wconf 87' lang='lat' dir='ltr'><strong>singulas</strong></span> <span class='ocrx_word' id='word_1_64' title='bbox 1295 1947 1396 2030; x_wconf 88' lang='lat' dir='ltr'><strong>parti-</strong></span> 
     </span>
     <span class='ocr_line' id='line_1_13' title="bbox 214 2055 1390 2142; baseline -0.003 -16"><span class='ocrx_word' id='word_1_65' title='bbox 214 2061 316 2142; x_wconf 91' lang='lat' dir='ltr'><strong>culas,</strong></span> <span class='ocrx_word' id='word_1_66' title='bbox 342 2077 424 2139; x_wconf 89' lang='lat' dir='ltr'><strong>quae</strong></span> <span class='ocrx_word' id='word_1_67' title='bbox 447 2058 639 2123; x_wconf 85' lang='lat' dir='ltr'><strong>tractandae</strong></span> <span class='ocrx_word' id='word_1_68' title='bbox 663 2061 751 2138; x_wconf 78' lang='lat' dir='ltr'><strong>suunt,</strong></span> <span class='ocrx_word' id='word_1_69' title='bbox 788 2076 828 2122; x_wconf 88' lang='lat' dir='ltr'><strong>ex</strong></span> <span class='ocrx_word' id='word_1_70' title='bbox 870 2058 1040 2124; x_wconf 85' lang='lat' dir='ltr'><strong>literarum</strong></span> <span class='ocrx_word' id='word_1_71' title='bbox 1070 2058 1249 2124; x_wconf 85' lang='lat' dir='ltr'><strong>initialium</strong></span> <span class='ocrx_word' id='word_1_72' title='bbox 1276 2055 1390 2122; x_wconf 84' lang='lat' dir='ltr'><strong>ordine</strong></span> 
     </span>
     <span class='ocr_line' id='line_1_14' title="bbox 217 2183 417 2232; baseline -0.01 0"><span class='ocrx_word' id='word_1_73' title='bbox 217 2183 417 2232; x_wconf 87' lang='lat' dir='ltr'><strong>enumerare.</strong></span> 
     </span>
    </p>

    <p class='ocr_par' dir='ltr' id='par_1_8' title="bbox 192 2268 1396 2677">
     <span class='ocr_line' id='line_1_15' title="bbox 324 2268 1395 2354; baseline 0.003 -22"><span class='ocrx_word' id='word_1_74' title='bbox 324 2270 410 2334; x_wconf 83' lang='lat' dir='ltr'><strong>Adeo</strong></span> <span class='ocrx_word' id='word_1_75' title='bbox 432 2290 504 2353; x_wconf 83' lang='lat' dir='ltr'><strong>uon,</strong></span> <span class='ocrx_word' id='word_1_76' title='bbox 527 2279 561 2332; x_wconf 80' lang='lat' dir='ltr'><strong>ut</strong></span> <span class='ocrx_word' id='word_1_77' title='bbox 584 2289 642 2351; x_wconf 89' lang='lat' dir='ltr'><strong>pro</strong></span> <span class='ocrx_word' id='word_1_78' title='bbox 669 2274 799 2336; x_wconf 86' lang='lat' dir='ltr'><strong>tontum</strong></span> <span class='ocrx_word' id='word_1_79' title='bbox 822 2274 916 2336; x_wconf 89' lang='lat' dir='ltr'><strong>abest</strong></span> <span class='ocrx_word' id='word_1_80' title='bbox 932 2276 969 2336; x_wconf 92' lang='lat' dir='ltr'><strong>ut</strong></span> <span class='ocrx_word' id='word_1_81' title='bbox 991 2277 1089 2337; x_wconf 91' lang='lat' dir='ltr'><strong>—ut</strong></span> <span class='ocrx_word' id='word_1_82' title='bbox 1113 2271 1192 2346; x_wconf 82' lang='lat' dir='ltr'><strong>(Cic.</strong></span> <span class='ocrx_word' id='word_1_83' title='bbox 1210 2268 1303 2354; x_wconf 83' lang='lat' dir='ltr'><strong>Caes.)</strong></span> <span class='ocrx_word' id='word_1_84' title='bbox 1320 2289 1395 2352; x_wconf 88' lang='lat' dir='ltr'><strong>pro·</strong></span> 
     </span>
     <span class='ocr_line' id='line_1_16' title="bbox 192 2369 1395 2460; baseline 0 -17"><span class='ocrx_word' id='word_1_85' title='bbox 192 2369 194 2374; x_wconf 71' lang='grc'><strong>’</strong></span> <span class='ocrx_word' id='word_1_86' title='bbox 217 2379 322 2460; x_wconf 84' lang='lat' dir='ltr'><strong>prIum</strong></span> <span class='ocrx_word' id='word_1_87' title='bbox 346 2384 396 2443; x_wconf 90' lang='lat' dir='ltr'><strong>est</strong></span> <span class='ocrx_word' id='word_1_88' title='bbox 420 2385 595 2460; x_wconf 79' lang='lat' dir='ltr'><strong>argenteae</strong></span> <span class='ocrx_word' id='word_1_89' title='bbox 608 2377 792 2444; x_wconf 87' lang='lat' dir='ltr'><strong>latinitatis.</strong></span> <span class='ocrx_word' id='word_1_90' title='bbox 817 2385 845 2443; x_wconf 89' lang='grc'><strong>2.</strong></span> <span class='ocrx_word' id='word_1_91' title='bbox 861 2383 937 2459; x_wconf 83' lang='grc'><strong>66,4</strong></span> <span class='ocrx_word' id='word_1_92' title='bbox 965 2378 1084 2444; x_wconf 83' lang='lat' dir='ltr'><strong>lamam</strong></span> <span class='ocrx_word' id='word_1_93' title='bbox 1098 2397 1174 2444; x_wconf 86' lang='lat' dir='ltr'><strong>vero</strong></span> <span class='ocrx_word' id='word_1_94' title='bbox 1190 2378 1395 2460; x_wconf 80' lang='lat' dir='ltr'><strong>gloriamque</strong></span> 
     </span>
     <span class='ocr_line' id='line_1_17' title="bbox 215 2483 1396 2568; baseline -0.002 -17"><span class='ocrx_word' id='word_1_95' title='bbox 215 2485 374 2552; x_wconf 82' lang='lat' dir='ltr'><strong>factorum</strong></span> <span class='ocrx_word' id='word_1_96' title='bbox 399 2492 498 2566; x_wconf 88' lang='lat' dir='ltr'><strong>atque</strong></span> <span class='ocrx_word' id='word_1_97' title='bbox 522 2484 681 2549; x_wconf 82' lang='lat' dir='ltr'><strong>dlotorum</strong></span> <span class='ocrx_word' id='word_1_98' title='bbox 705 2485 784 2550; x_wconf 87' lang='lat' dir='ltr'><strong>adeo</strong></span> <span class='ocrx_word' id='word_1_99' title='bbox 809 2504 871 2550; x_wconf 88' lang='lat' dir='ltr'><strong>non</strong></span> <span class='ocrx_word' id='word_1_100' title='bbox 904 2485 1071 2551; x_wconf 86' lang='lat' dir='ltr'><strong>abstulisti</strong></span> <span class='ocrx_word' id='word_1_101' title='bbox 1102 2491 1139 2549; x_wconf 93' lang='lat' dir='ltr'><strong>ut</strong></span> <span class='ocrx_word' id='word_1_102' title='bbox 1167 2484 1306 2550; x_wconf 84' lang='lat' dir='ltr'><strong>auxeris.</strong></span> <span class='ocrx_word' id='word_1_103' title='bbox 1339 2483 1396 2568; x_wconf 83' lang='lat' dir='ltr'><strong>(cf.</strong></span> 
     </span>
     <span class='ocr_line' id='line_1_18' title="bbox 213 2589 521 2677; baseline -0.006 -19"><span class='ocrx_word' id='word_1_104' title='bbox 213 2593 289 2659; x_wconf 79' lang='lat' dir='ltr'><strong>Tac.</strong></span> <span class='ocrx_word' id='word_1_105' title='bbox 312 2596 397 2659; x_wconf 87' lang='lat' dir='ltr'><strong>Anu.</strong></span> <span class='ocrx_word' id='word_1_106' title='bbox 423 2589 521 2677; x_wconf 86' lang='lat'><strong>6,15.)</strong></span> 
     </span>
    </p>

    <p class='ocr_par' dir='ltr' id='par_1_9' title="bbox 135 2697 1395 3324">
     <span class='ocr_line' id='line_1_19' title="bbox 320 2697 1393 2781; baseline -0.003 -15"><span class='ocrx_word' id='word_1_107' title='bbox 320 2701 396 2768; x_wconf 88' lang='lat' dir='ltr'><strong>huic</strong></span> <span class='ocrx_word' id='word_1_108' title='bbox 418 2700 574 2766; x_wconf 92' lang='lat' dir='ltr'><strong>locutioni</strong></span> <span class='ocrx_word' id='word_1_109' title='bbox 597 2700 763 2766; x_wconf 87' lang='lat' dir='ltr'><strong>simillima</strong></span> <span class='ocrx_word' id='word_1_110' title='bbox 786 2706 837 2765; x_wconf 88' lang='lat' dir='ltr'><strong>est</strong></span> <span class='ocrx_word' id='word_1_111' title='bbox 859 2700 917 2764; x_wconf 88' lang='lat' dir='ltr'><strong>illa</strong></span> <span class='ocrx_word' id='word_1_112' title='bbox 941 2707 970 2765; x_wconf 87' lang='grc'><strong>2.</strong></span> <span class='ocrx_word' id='word_1_113' title='bbox 984 2705 1055 2781; x_wconf 86' lang='grc'><strong>67,1</strong></span> <span class='ocrx_word' id='word_1_114' title='bbox 1082 2698 1179 2763; x_wconf 84' lang='lat' dir='ltr'><strong>liuius</strong></span> <span class='ocrx_word' id='word_1_115' title='bbox 1195 2697 1299 2764; x_wconf 89' lang='lat' dir='ltr'><strong>totius</strong></span> <span class='ocrx_word' id='word_1_116' title='bbox 1314 2703 1393 2763; x_wconf 88' lang='lat' dir='ltr'><strong>tam·</strong></span> 
     </span>
     <span class='ocr_line' id='line_1_20' title="bbox 214 2794 1389 2891; baseline -0.003 -19"><span class='ocrx_word' id='word_1_117' title='bbox 214 2807 304 2888; x_wconf 88' lang='lat' dir='ltr'><strong>poris</strong></span> <span class='ocrx_word' id='word_1_118' title='bbox 327 2807 492 2872; x_wconf 75' lang='lat' dir='ltr'><strong>fortunam</strong></span> <span class='ocrx_word' id='word_1_119' title='bbox 516 2825 554 2871; x_wconf 83' lang='lat' dir='ltr'><strong>ne</strong></span> <span class='ocrx_word' id='word_1_120' title='bbox 578 2806 697 2873; x_wconf 88' lang='lat' dir='ltr'><strong>deflere</strong></span> <span class='ocrx_word' id='word_1_121' title='bbox 721 2805 841 2891; x_wconf 80' lang='lat' dir='ltr'><strong>quidem</strong></span> <span class='ocrx_word' id='word_1_122' title='bbox 864 2794 1035 2888; x_wconf 85' lang='lat' dir='ltr'><strong>quisquam</strong></span> <span class='ocrx_word' id='word_1_123' title='bbox 1059 2805 1140 2870; x_wconf 87' lang='lat' dir='ltr'><strong>satis</strong></span> <span class='ocrx_word' id='word_1_124' title='bbox 1158 2805 1256 2887; x_wconf 80' lang='lat' dir='ltr'><strong>digne</strong></span> <span class='ocrx_word' id='word_1_125' title='bbox 1273 2804 1389 2886; x_wconf 87' lang='lat' dir='ltr'><strong>potuit,</strong></span> 
     </span>
     <span class='ocr_line' id='line_1_21' title="bbox 214 2911 1395 2994; baseline -0.001 -17"><span class='ocrx_word' id='word_1_126' title='bbox 214 2913 291 2977; x_wconf 85' lang='lat' dir='ltr'><strong>adeo</strong></span> <span class='ocrx_word' id='word_1_127' title='bbox 313 2931 398 2977; x_wconf 61' lang='grc' dir='ltr'><strong>ωηο</strong></span> <span class='ocrx_word' id='word_1_128' title='bbox 421 2913 603 2994; x_wconf 82' lang='lat' dir='ltr'><strong>exprimere</strong></span> <span class='ocrx_word' id='word_1_129' title='bbox 626 2913 737 2978; x_wconf 87' lang='lat' dir='ltr'><strong>verbis</strong></span> <span class='ocrx_word' id='word_1_130' title='bbox 758 2918 876 2994; x_wconf 88' lang='lat' dir='ltr'><strong>potest.</strong></span> <span class='ocrx_word' id='word_1_131' title='bbox 901 2914 956 2994; x_wconf 91' lang='lat' dir='ltr'><strong>qui</strong></span> <span class='ocrx_word' id='word_1_132' title='bbox 976 2931 1056 2979; x_wconf 90' lang='lat' dir='ltr'><strong>usus</strong></span> <span class='ocrx_word' id='word_1_133' title='bbox 1075 2913 1254 2994; x_wconf 82' lang='lat' dir='ltr'><strong>particulae</strong></span> <span class='ocrx_word' id='word_1_134' title='bbox 1268 2911 1395 2978; x_wconf 85' lang='lat' dir='ltr'><strong>inveni·</strong></span> 
     </span>
     <span class='ocr_line' id='line_1_22' title="bbox 214 3018 1395 3102; baseline -0.003 -15"><span class='ocrx_word' id='word_1_135' title='bbox 214 3028 271 3087; x_wconf 87' lang='lat' dir='ltr'><strong>tur</strong></span> <span class='ocrx_word' id='word_1_136' title='bbox 293 3018 380 3101; x_wconf 85' lang='lat' dir='ltr'><strong>apud</strong></span> <span class='ocrx_word' id='word_1_137' title='bbox 403 3019 576 3102; x_wconf 84' lang='lat' dir='ltr'><strong>Velleium,</strong></span> <span class='ocrx_word' id='word_1_138' title='bbox 600 3019 764 3102; x_wconf 80' lang='lat' dir='ltr'><strong>Tacitum,</strong></span> <span class='ocrx_word' id='word_1_139' title='bbox 790 3020 951 3101; x_wconf 82' lang='lat' dir='ltr'><strong>Curtium,</strong></span> <span class='ocrx_word' id='word_1_140' title='bbox 977 3019 1033 3101; x_wconf 91' lang='lat' dir='ltr'><strong>qui</strong></span> <span class='ocrx_word' id='word_1_141' title='bbox 1056 3019 1291 3100; x_wconf 87' lang='lat' dir='ltr'><strong>praeeuntibus</strong></span> <span class='ocrx_word' id='word_1_142' title='bbox 1317 3037 1395 3084; x_wconf 84' lang='lat' dir='ltr'><strong>ver·</strong></span> 
     </span>
     <span class='ocr_line' id='line_1_23' title="bbox 213 3123 1393 3211; baseline -0.003 -16"><span class='ocrx_word' id='word_1_143' title='bbox 213 3127 265 3196; x_wconf 88' lang='lat' dir='ltr'><strong>bis</strong></span> <span class='ocrx_word' id='word_1_144' title='bbox 288 3145 326 3192; x_wconf 81' lang='lat' dir='ltr'><strong>ac</strong></span> <span class='ocrx_word' id='word_1_145' title='bbox 349 3125 471 3211; x_wconf 78' lang='lat' dir='ltr'><strong>quidem</strong></span> <span class='ocrx_word' id='word_1_146' title='bbox 494 3133 552 3192; x_wconf 91' lang='lat' dir='ltr'><strong>aut</strong></span> <span class='ocrx_word' id='word_1_147' title='bbox 574 3144 690 3210; x_wconf 82' lang='lat' dir='ltr'><strong>quoque</strong></span> <span class='ocrx_word' id='word_1_148' title='bbox 716 3125 764 3191; x_wconf 88' lang='lat' dir='ltr'><strong>ita</strong></span> <span class='ocrx_word' id='word_1_149' title='bbox 793 3132 975 3208; x_wconf 88' lang='lat' dir='ltr'><strong>posuerunt</strong></span> <span class='ocrx_word' id='word_1_150' title='bbox 1006 3123 1080 3190; x_wconf 77' lang='lat' dir='ltr'><strong>odeo</strong></span> <span class='ocrx_word' id='word_1_151' title='bbox 1114 3125 1321 3208; x_wconf 84' lang='lat' dir='ltr'><strong>particulam,</strong></span> <span class='ocrx_word' id='word_1_152' title='bbox 1354 3131 1393 3192; x_wconf 92' lang='lat' dir='ltr'><strong>ut</strong></span> 
     </span>
     <span class='ocr_line' id='line_1_24' title="bbox 135 3232 1281 3324; baseline -0.003 -22"><span class='ocrx_word' id='word_1_153' title='bbox 135 3319 138 3324; x_wconf 20' lang='grc' dir='ltr'>Ι</span> <span class='ocrx_word' id='word_1_154' title='bbox 213 3236 325 3319; x_wconf 84' lang='lat' dir='ltr'><strong>signet</strong></span> <span class='ocrx_word' id='word_1_155' title='bbox 347 3238 440 3299; x_wconf 86' lang='lat' dir='ltr'><strong>tanto</strong></span> <span class='ocrx_word' id='word_1_156' title='bbox 462 3234 576 3315; x_wconf 85' lang='lat' dir='ltr'><strong>magis.</strong></span> <span class='ocrx_word' id='word_1_157' title='bbox 600 3232 697 3318; x_wconf 87' lang='lat' dir='ltr'><strong>(adeo</strong></span> <span class='ocrx_word' id='word_1_158' title='bbox 720 3250 786 3298; x_wconf 92' lang='lat' dir='ltr'><strong>non</strong></span> <span class='ocrx_word' id='word_1_159' title='bbox 810 3239 902 3299; x_wconf 90' lang='lat' dir='ltr'><strong>tanto</strong></span> <span class='ocrx_word' id='word_1_160' title='bbox 926 3233 1035 3300; x_wconf 90' lang='lat' dir='ltr'><strong>miuus</strong></span> <span class='ocrx_word' id='word_1_161' title='bbox 1058 3234 1113 3300; x_wconf 89' lang='lat' dir='ltr'><strong>vel</strong></span> <span class='ocrx_word' id='word_1_162' title='bbox 1137 3233 1281 3314; x_wconf 88' lang='lat' dir='ltr'><strong>nedum.)</strong></span> 
     </span>
    </p>

    <p class='ocr_par' dir='ltr' id='par_1_10' title="bbox 212 3337 1397 3742">
     <span class='ocr_line' id='line_1_25' title="bbox 320 3337 1397 3426; baseline 0.001 -21"><span class='ocrx_word' id='word_1_163' title='bbox 320 3340 449 3424; x_wconf 79' lang='lat' dir='ltr'><strong>Alioqui</strong></span> <span class='ocrx_word' id='word_1_164' title='bbox 471 3339 525 3406; x_wconf 92' lang='lat' dir='ltr'><strong>vel</strong></span> <span class='ocrx_word' id='word_1_165' title='bbox 549 3339 687 3426; x_wconf 81' lang='lat' dir='ltr'><strong>alioquin</strong></span> <span class='ocrx_word' id='word_1_166' title='bbox 712 3339 753 3424; x_wconf 73' lang='lat' dir='ltr'><strong>(z</strong></span> <span class='ocrx_word' id='word_1_167' title='bbox 777 3349 878 3422; x_wconf 90' lang='lat' dir='ltr'><strong>sonst,</strong></span> <span class='ocrx_word' id='word_1_168' title='bbox 911 3337 1112 3424; x_wconf 89' lang='lat' dir='ltr'><strong>ausserdem)</strong></span> <span class='ocrx_word' id='word_1_169' title='bbox 1142 3358 1208 3405; x_wconf 92' lang='lat' dir='ltr'><strong>non</strong></span> <span class='ocrx_word' id='word_1_170' title='bbox 1243 3338 1397 3406; x_wconf 81' lang='lat' dir='ltr'><strong>invenies:</strong></span> 
     </span>
     <span class='ocr_line' id='line_1_26' title="bbox 213 3446 1387 3532; baseline -0.004 -16"><span class='ocrx_word' id='word_1_171' title='bbox 213 3449 299 3532; x_wconf 90' lang='lat' dir='ltr'><strong>apud</strong></span> <span class='ocrx_word' id='word_1_172' title='bbox 316 3447 453 3530; x_wconf 85' lang='lat' dir='ltr'><strong>optimos</strong></span> <span class='ocrx_word' id='word_1_173' title='bbox 477 3447 662 3532; x_wconf 85' lang='lat' dir='ltr'><strong>scriptores,</strong></span> <span class='ocrx_word' id='word_1_174' title='bbox 681 3449 738 3515; x_wconf 91' lang='lat' dir='ltr'><strong>sed</strong></span> <span class='ocrx_word' id='word_1_175' title='bbox 754 3448 830 3514; x_wconf 90' lang='lat' dir='ltr'><strong>inde</strong></span> <span class='ocrx_word' id='word_1_176' title='bbox 846 3467 866 3513; x_wconf 89' lang='lat' dir='ltr'><strong>a</strong></span> <span class='ocrx_word' id='word_1_177' title='bbox 881 3447 986 3513; x_wconf 87' lang='lat' dir='ltr'><strong>Livio.</strong></span> <span class='ocrx_word' id='word_1_178' title='bbox 1011 3447 1091 3512; x_wconf 92' lang='lat' dir='ltr'><strong>Vell.</strong></span> <span class='ocrx_word' id='word_1_179' title='bbox 1118 3451 1145 3510; x_wconf 92' lang='grc'><strong>2.</strong></span> <span class='ocrx_word' id='word_1_180' title='bbox 1160 3453 1177 3510; x_wconf 86' lang='lat'><strong>7</strong></span> <span class='ocrx_word' id='word_1_181' title='bbox 1182 3452 1212 3530; x_wconf 90' lang='lat'><strong>,3</strong></span> <span class='ocrx_word' id='word_1_182' title='bbox 1237 3446 1291 3511; x_wconf 85' lang='lat' dir='ltr'><strong>vir</strong></span> <span class='ocrx_word' id='word_1_183' title='bbox 1307 3447 1387 3512; x_wconf 89' lang='lat' dir='ltr'><strong>alio·</strong></span> 
     </span>
     <span class='ocr_line' id='line_1_27' title="bbox 212 3552 1389 3638; baseline -0.003 -17"><span class='ocrx_word' id='word_1_184' title='bbox 212 3557 266 3638; x_wconf 93' lang='lat' dir='ltr'><strong>qui</strong></span> <span class='ocrx_word' id='word_1_185' title='bbox 292 3560 434 3620; x_wconf 89' lang='lat' dir='ltr'><strong>sauctus.</strong></span> <span class='ocrx_word' id='word_1_186' title='bbox 458 3556 486 3618; x_wconf 86' lang='grc'><strong>2.</strong></span> <span class='ocrx_word' id='word_1_187' title='bbox 501 3560 572 3637; x_wconf 87' lang='grc'><strong>33,1</strong></span> <span class='ocrx_word' id='word_1_188' title='bbox 598 3555 720 3637; x_wconf 86' lang='lat' dir='ltr'><strong>alioqui</strong></span> <span class='ocrx_word' id='word_1_189' title='bbox 742 3574 800 3638; x_wconf 90' lang='lat' dir='ltr'><strong>per</strong></span> <span class='ocrx_word' id='word_1_190' title='bbox 823 3555 930 3620; x_wconf 89' lang='lat' dir='ltr'><strong>omnia</strong></span> <span class='ocrx_word' id='word_1_191' title='bbox 954 3552 1137 3618; x_wconf 88' lang='lat' dir='ltr'><strong>laudabilis.</strong></span> <span class='ocrx_word' id='word_1_192' title='bbox 1163 3557 1191 3618; x_wconf 85' lang='grc'><strong>2.</strong></span> <span class='ocrx_word' id='word_1_193' title='bbox 1206 3558 1282 3635; x_wconf 85' lang='lat'><strong>33,4</strong></span> <span class='ocrx_word' id='word_1_194' title='bbox 1306 3571 1389 3617; x_wconf 90' lang='lat' dir='ltr'><strong>sum-</strong></span> 
     </span>
     <span class='ocr_line' id='line_1_28' title="bbox 212 3661 1382 3742; baseline -0.006 -12"><span class='ocrx_word' id='word_1_195' title='bbox 212 3681 286 3730; x_wconf 88' lang='lat' dir='ltr'><strong>mus</strong></span> <span class='ocrx_word' id='word_1_196' title='bbox 310 3661 432 3742; x_wconf 85' lang='lat' dir='ltr'><strong>alloqui</strong></span> <span class='ocrx_word' id='word_1_197' title='bbox 455 3661 516 3726; x_wconf 83' lang='lat' dir='ltr'><strong>vir.</strong></span> <span class='ocrx_word' id='word_1_198' title='bbox 1380 3685 1382 3688; x_wconf 94' lang='lat'>·</span> 
     </span>
    </p>

    <p class='ocr_par' dir='ltr' id='par_1_11' title="bbox 206 3765 1396 4387">
     <span class='ocr_line' id='line_1_29' title="bbox 318 3765 1388 3850; baseline -0.003 -18"><span class='ocrx_word' id='word_1_199' title='bbox 318 3767 362 3832; x_wconf 82' lang='lat' dir='ltr'><strong>Ar</strong></span> <span class='ocrx_word' id='word_1_200' title='bbox 384 3767 546 3850; x_wconf 87' lang='lat' dir='ltr'><strong>particula</strong></span> <span class='ocrx_word' id='word_1_201' title='bbox 569 3770 715 3835; x_wconf 88' lang='lat' dir='ltr'><strong>Velleius</strong></span> <span class='ocrx_word' id='word_1_202' title='bbox 739 3786 980 3850; x_wconf 87' lang='lat' dir='ltr'><strong>nonnumquam</strong></span> <span class='ocrx_word' id='word_1_203' title='bbox 1005 3767 1117 3832; x_wconf 91' lang='lat' dir='ltr'><strong>eadem</strong></span> <span class='ocrx_word' id='word_1_204' title='bbox 1135 3767 1264 3832; x_wconf 87' lang='lat' dir='ltr'><strong>ratlene</strong></span> <span class='ocrx_word' id='word_1_205' title='bbox 1278 3765 1388 3846; x_wconf 90' lang='lat' dir='ltr'><strong>posuit</strong></span> 
     </span>
     <span class='ocr_line' id='line_1_30' title="bbox 209 3873 1388 3958; baseline -0.004 -16"><span class='ocrx_word' id='word_1_206' title='bbox 209 3895 275 3958; x_wconf 91' lang='lat' dir='ltr'><strong>qua</strong></span> <span class='ocrx_word' id='word_1_207' title='bbox 297 3875 351 3940; x_wconf 80' lang='lat' dir='ltr'><strong>aad</strong></span> <span class='ocrx_word' id='word_1_208' title='bbox 373 3875 427 3940; x_wconf 92' lang='lat' dir='ltr'><strong>vel</strong></span> <span class='ocrx_word' id='word_1_209' title='bbox 449 3881 550 3938; x_wconf 70' lang='lat' dir='ltr'><strong>oratam</strong></span> <span class='ocrx_word' id='word_1_210' title='bbox 573 3876 606 3939; x_wconf 92' lang='lat' dir='ltr'><strong>in</strong></span> <span class='ocrx_word' id='word_1_211' title='bbox 631 3877 829 3955; x_wconf 78' lang='lat' dir='ltr'><strong>narratione,</strong></span> <span class='ocrx_word' id='word_1_212' title='bbox 855 3895 1050 3958; x_wconf 88' lang='lat' dir='ltr'><strong>quamquam</strong></span> <span class='ocrx_word' id='word_1_213' title='bbox 1073 3873 1205 3940; x_wconf 89' lang='lat' dir='ltr'><strong>minime</strong></span> <span class='ocrx_word' id='word_1_214' title='bbox 1221 3891 1273 3938; x_wconf 88' lang='lat' dir='ltr'><strong>res</strong></span> <span class='ocrx_word' id='word_1_215' title='bbox 1290 3873 1388 3938; x_wconf 89' lang='lat' dir='ltr'><strong>alteri</strong></span> 
     </span>
     <span class='ocr_line' id='line_1_31' title="bbox 209 3980 1396 4065; baseline -0.003 -18"><span class='ocrx_word' id='word_1_216' title='bbox 209 3983 395 4065; x_wconf 86' lang='lat' dir='ltr'><strong>opponitur,</strong></span> <span class='ocrx_word' id='word_1_217' title='bbox 419 3981 453 4046; x_wconf 91' lang='lat' dir='ltr'><strong>id</strong></span> <span class='ocrx_word' id='word_1_218' title='bbox 477 3981 562 4061; x_wconf 90' lang='lat' dir='ltr'><strong>quod</strong></span> <span class='ocrx_word' id='word_1_219' title='bbox 585 3981 744 4062; x_wconf 78' lang='lat' dir='ltr'><strong>imprImIs</strong></span> <span class='ocrx_word' id='word_1_220' title='bbox 768 3983 855 4063; x_wconf 90' lang='lat' dir='ltr'><strong>apud</strong></span> <span class='ocrx_word' id='word_1_221' title='bbox 879 3990 992 4064; x_wconf 90' lang='lat' dir='ltr'><strong>poetas</strong></span> <span class='ocrx_word' id='word_1_222' title='bbox 1015 3988 1049 4048; x_wconf 90' lang='lat' dir='ltr'><strong>et</strong></span> <span class='ocrx_word' id='word_1_223' title='bbox 1072 3991 1249 4060; x_wconf 81' lang='lat' dir='ltr'><strong>argenteae</strong></span> <span class='ocrx_word' id='word_1_224' title='bbox 1278 3980 1396 4045; x_wconf 78' lang='lat' dir='ltr'><strong>latini·</strong></span> 
     </span>
     <span class='ocr_line' id='line_1_32' title="bbox 208 4085 1391 4173; baseline 0 -20"><span class='ocrx_word' id='word_1_225' title='bbox 208 4091 289 4155; x_wconf 88' lang='lat' dir='ltr'><strong>tatis</strong></span> <span class='ocrx_word' id='word_1_226' title='bbox 313 4091 487 4171; x_wconf 85' lang='lat' dir='ltr'><strong>scriptores</strong></span> <span class='ocrx_word' id='word_1_227' title='bbox 518 4088 702 4154; x_wconf 89' lang='lat' dir='ltr'><strong>invenimus</strong></span> <span class='ocrx_word' id='word_1_228' title='bbox 731 4088 770 4154; x_wconf 79' lang='lat' dir='ltr'><strong>cl.</strong></span> <span class='ocrx_word' id='word_1_229' title='bbox 795 4091 823 4154; x_wconf 83' lang='grc'><strong>2.</strong></span> <span class='ocrx_word' id='word_1_230' title='bbox 838 4095 890 4173; x_wconf 81' lang='lat'><strong>5‚3</strong></span> <span class='ocrx_word' id='word_1_231' title='bbox 914 4089 967 4154; x_wconf 81' lang='lat' dir='ltr'><strong>hle</strong></span> <span class='ocrx_word' id='word_1_232' title='bbox 990 4085 1118 4153; x_wconf 86' lang='lat' dir='ltr'><strong>virtute</strong></span> <span class='ocrx_word' id='word_1_233' title='bbox 1142 4106 1180 4152; x_wconf 90' lang='lat' dir='ltr'><strong>ac</strong></span> <span class='ocrx_word' id='word_1_234' title='bbox 1204 4087 1391 4153; x_wconf 86' lang='lat' dir='ltr'><strong>severitate</strong></span> 
     </span>
     <span class='ocr_line' id='line_1_33' title="bbox 207 4193 1394 4277; baseline -0.003 -16"><span class='ocrx_word' id='word_1_235' title='bbox 207 4195 298 4277; x_wconf 85' lang='lat' dir='ltr'><strong>facti,</strong></span> <span class='ocrx_word' id='word_1_236' title='bbox 322 4203 357 4260; x_wconf 92' lang='lat' dir='ltr'><strong>at</strong></span> <span class='ocrx_word' id='word_1_237' title='bbox 379 4197 503 4262; x_wconf 69' lang='lat' dir='ltr'><strong>Falinis</strong></span> <span class='ocrx_word' id='word_1_238' title='bbox 527 4193 731 4261; x_wconf 86' lang='lat' dir='ltr'><strong>Aemilianus</strong></span> <span class='ocrx_word' id='word_1_239' title='bbox 755 4195 850 4260; x_wconf 89' lang='lat' dir='ltr'><strong>Pauli</strong></span> <span class='ocrx_word' id='word_1_240' title='bbox 881 4195 1027 4276; x_wconf 87' lang='lat' dir='ltr'><strong>exemplo</strong></span> <span class='ocrx_word' id='word_1_241' title='bbox 1052 4195 1223 4275; x_wconf 88' lang='lat' dir='ltr'><strong>disciplina</strong></span> <span class='ocrx_word' id='word_1_242' title='bbox 1245 4193 1279 4258; x_wconf 89' lang='lat' dir='ltr'><strong>in</strong></span> <span class='ocrx_word' id='word_1_243' title='bbox 1311 4193 1394 4259; x_wconf 87' lang='lat' dir='ltr'><strong>His--</strong></span> 
     </span>
     <span class='ocr_line' id='line_1_34' title="bbox 206 4300 1394 4387; baseline -0.003 -19"><span class='ocrx_word' id='word_1_244' title='bbox 206 4303 307 4387; x_wconf 83' lang='lat' dir='ltr'><strong>panio</strong></span> <span class='ocrx_word' id='word_1_245' title='bbox 346 4302 412 4366; x_wconf 84' lang='lat' dir='ltr'><strong>tuit</strong></span> <span class='ocrx_word' id='word_1_246' title='bbox 439 4301 648 4368; x_wconf 80' lang='lat' dir='ltr'><strong>clarissimus</strong></span> <span class='ocrx_word' id='word_1_247' title='bbox 685 4300 724 4367; x_wconf 85' lang='lat' dir='ltr'><strong>ci.</strong></span> <span class='ocrx_word' id='word_1_248' title='bbox 756 4305 784 4368; x_wconf 82' lang='lat'><strong>2.</strong></span> <span class='ocrx_word' id='word_1_249' title='bbox 799 4307 883 4386; x_wconf 77' lang='lat'><strong>32,4.</strong></span> <span class='ocrx_word' id='word_1_250' title='bbox 912 4305 1040 4384; x_wconf 63' lang='lat' dir='ltr'><strong>aeta.</strong></span> <span class='ocrx_word' id='word_1_251' title='bbox 1072 4307 1101 4368; x_wconf 91' lang='grc'><strong>2.</strong></span> <span class='ocrx_word' id='word_1_252' title='bbox 1117 4307 1202 4384; x_wconf 83' lang='lat'><strong>87,1.</strong></span> <span class='ocrx_word' id='word_1_253' title='bbox 1236 4306 1264 4366; x_wconf 88' lang='grc'><strong>2.</strong></span> <span class='ocrx_word' id='word_1_254' title='bbox 1282 4305 1394 4383; x_wconf 67' lang='grc'><strong>1124.</strong></span> 
     </span>
    </p>
   </div>
   <div class='ocr_carea' id='block_1_6' title="bbox 204 4409 349 4492">
    <p class='ocr_par' dir='ltr' id='par_1_12' title="bbox 204 4409 349 4492">
     <span class='ocr_line' id='line_1_35' title="bbox 204 4409 349 4492; baseline -0.034 -14"><span class='ocrx_word' id='word_1_255' title='bbox 204 4409 349 4492; x_wconf 86' lang='lat' dir='ltr'><strong>saepius.</strong></span> 
     </span>
    </p>
   </div>
   <div class='ocr_carea' id='block_1_7' title="bbox 0 0 1616 5050">
    <p class='ocr_par' dir='ltr' id='par_1_13' title="bbox 0 0 1616 5050">
     <span class='ocr_line' id='line_1_36' title="bbox 0 0 1616 5050; baseline 0 7"><span class='ocrx_word' id='word_1_256' title='bbox 0 0 1616 5050; x_wconf 95' lang='lat' dir='ltr'><strong> </strong></span> 
     </span>
    </p>
   </div>
  </div>
 </body>
</html>
