3224 5050
713 453 890 512 ...59-

301 645 523 712 adventaret.
537 646 621 725 59,6.
635 641 787 708 affectare
800 647 829 705 2.
844 647 896 724 39,
905 645 927 705 1.
941 643 1102 707 assentari
1116 647 1144 708 2.
1157 648 1244 725 43,1.
1258 647 1391 723 captare

208 758 340 835 25113.
366 756 516 833 2.129,1.
540 751 708 816 2122111212
732 755 761 814 2.
775 753 860 830 35,4.
885 749 1070 816 2222211212
1087 757 1116 833 2,
1132 753 1216 834 24,5.
1240 750 1391 815 dictitare

209 868 243 927 2.
257 867 356 942 212.λ
382 863 509 942 aaut.
550 861 679 939 2222.
719 859 849 939 acca.
889 854 1034 922 indicae
1073 860 1200 939 2212.
1241 863 1268 922 a.
1284 859 1390 940 1221.

201 971 363 1048 2118,4.
388 969 552 1032 ostentare
579 966 605 1030 1.
620 967 681 1041 42.
713 969 831 1046 2132
855 964 1030 1044 pollicitari
1055 967 1182 1047 2.11,2.
1206 964 1392 1045 quaeritare

217 1079 319 1156 1.4‚3.
343 1091 517 1155 repensare
542 1077 669 1154 2.12,5.
694 1074 722 1136 2.
737 1075 813 1154 21,4
838 1069 892 1155 (ci.
908 1091 939 1151 p.
954 1073 1007 1152 30)
1031 1077 1216 1151 respectare
1241 1074 1391 1154 21072.

205 1186 402 1248 2221221212
427 1187 455 1245 2.
470 1186 531 1262 6,6.
557 1182 705 1260 21042.
731 1181 880 1262 2.114,1.
904 1176 1075 1244 venditare
1093 1181 1121 1244 2.
1136 1184 1219 1259 63,3.
1243 1179 1390 1245 vocitare

216 1295 243 1354 1.
259 1295 320 1371 21.

321 1394 422 1460 Aliud
445 1400 496 1458 est
519 1392 605 1473 quod
628 1396 786 1475 argentea
810 1397 919 1458 aetate
942 1393 1177 1458 adiectivorum
1201 1392 1391 1458 exeuntium

212 1503 247 1567 in
271 1499 341 1564 bitis
376 1501 520 1583 syllabas
548 1519 702 1566 uumerus
737 1500 848 1566 multis
872 1503 1023 1583 augetur,
1059 1518 1142 1581 quae
1178 1518 1220 1564 ex
1243 1517 1391 1564 sermone

213 1609 340 1689 plebeio
373 1613 505 1688 recepta
529 1612 614 1672 sunt.
651 1605 704 1692 (cf.
727 1608 885 1690 Rebling:
922 1607 1187 1673 Charakteristik
1222 1606 1280 1670 der
1313 1611 1390 1671 rom.

211 1713 544 1799 Umgangssprache).
569 1715 657 1796 apud
681 1715 843 1782 Velleium
877 1715 1018 1796 primum
1047 1719 1156 1779 exstat
1191 1711 1387 1776 inimitabilis

215 1829 245 1888 2.
260 1826 345 1906 97,3.
368 1823 435 1888 2112
458 1841 542 1903 quae
564 1806 641 1887 inde
663 1841 684 1886 a
706 1823 802 1888 Livio
826 1823 861 1886 in
899 1840 961 1888 usu
984 1825 1160 1888 versantur
1193 1822 1274 1884 haec
1297 1825 1391 1886 sunt:

212 1929 477 1998 commendabilis
492 1933 521 1994 2.
535 1935 598 2011 9,6.
612 1931 896 2010 inexsuperabilis.
914 1936 942 1995 2.
957 1934 1041 2014 324.
1056 1927 1256 1996 favorabilis.
1267 1934 1295 1993 2.
1312 1933 1388 2010 34,2

208 2060 242 2121 2.
255 2061 340 2139 toa.
364 2054 612 2120 innumerabilis
637 2061 665 2118 2.
678 2059 763 2134 46,1.
1254 2131 1259 2139 ¹

319 2162 486 2225 Ρο112211
518 2159 670 2224 familiari
705 2178 852 2225 sermone
877 2159 1043 2226 ducendus
1078 2163 1129 2225 est
1164 2160 1303 2226 ablativi
1330 2178 1389 2240 pro

205 2266 401 2332 accusativo
446 2284 525 2331 usus
565 2265 605 2331 ad
646 2267 803 2347 temporis
843 2267 1093 2332 diuturnitatem
1133 2267 1390 2350 significandam.

215 2375 311 2454 1.1,4
334 2391 473 2454 regnare
496 2374 646 2438 triennio.
691 2379 716 2438 l.
732 2379 782 2457 6,1
815 2375 987 2456 imperium
1011 2375 1157 2439 obtinere
1181 2375 1277 2439 annis
1301 2375 1390 2439 mille

203 2478 433 2561 septuaginta.
459 2485 486 2543 1.
501 2482 562 2562 7,3.
587 2485 714 2564 2425.
740 2483 888 2564 2.102,5.
913 2485 1052 2560 2.114,3
1078 2481 1218 2561 saepius.

319 2605 402 2669 Tum
437 2605 580 2688 Rebling
611 2604 656 2690 (p.
683 2610 722 2670 12
759 2609 870 2685 2113)
906 2605 1058 2687 gerundii
1093 2624 1188 2670 usum
1222 2605 1390 2687 participii

210 2711 579 2795 221221112211221222,
604 2731 687 2793 quae
716 2713 935 2778 enuntiationi
959 2712 1113 2777 adiuncta
1151 2718 1201 2778 221
1235 2714 1314 2778 11212
1349 2731 1390 2778 211

203 2833 359 2882 sermone
396 2819 529 2900 vulgari
568 2824 676 2884 ortum
711 2838 799 2902 2222,
840 2819 1016 2884 confirmat.
1056 2818 1109 2904 (ct.
1140 2821 1388 2886 Winkelmauu:
1477 2799 1489 2820 ⁰

211 2921 417 2987 Jahrbiicher
440 2922 977 3007 111121222Ρ1111212212.82221221.
1001 2924 1060 2989 Bd.
1084 2926 1128 2990 H.
1148 2928 1242 2991 1833.
1265 2925 1389 3012 p504.)

215 3031 310 3110 2.1,5
355 3030 411 3094 sed
453 3031 642 3111 Pompeium
681 3033 790 3113 gratia
822 3031 1018 3114 impunitum
1052 3033 1178 3116 habuit,
1203 3034 1391 3101 Mancinum

215 3137 414 3202 verecundia
425 3155 563 3218 poenam
586 3157 649 3203 non
663 3140 843 3204 recusando
856 3139 1011 3221 perduxit
1022 3141 1094 3224 huc,
1120 3146 1158 3206 ut
1173 3146 1233 3206 212.
1247 3148 1275 3206 2.
1292 3148 1389 3227 120,3

214 3245 252 3310 L.
275 3245 426 3325 Aprenas
463 3245 641 3310 exercitum
676 3246 850 3312 immunem
889 3252 984 3312 tanta
1023 3249 1211 3314 calamitate
1246 3251 1392 3316 servavit

213 3357 407 3432 matureque
430 3353 472 3416 ad
495 3352 651 3418 inferiora
667 3354 804 3420 hiberna
827 3354 1049 3421 descendendo
1065 3356 1290 3422 vacillantium
1315 3376 1391 3439 gen·

160 3489 162 3492 ·
215 3457 300 3521 tium
323 3459 448 3524 animos
473 3459 683 3525 confirmavit.
719 3499 731 3522 ,

323 3563 438 3643 Aeque
462 3567 619 3633 sermonis
641 3568 749 3649 plebei
771 3567 937 3649 proprium
962 3575 1026 3653 est,
1052 3571 1137 3650 quod
1159 3573 1260 3637 verba
1284 3572 1393 3639 activa

210 3688 275 3750 pro
300 3669 537 3752 deponentibus
550 3679 584 3739 et
596 3674 793 3757 deponentia
814 3693 873 3756 pro
886 3676 1003 3741 activis
1016 3671 1161 3758 usurpat
1179 3677 1235 3760 (cf.
1251 3679 1394 3760 Rebling

218 3796 249 3859 p.
265 3777 316 3842 15.
331 3775 490 3862 Draeger,
503 3779 579 3844 11121.
593 3779 749 3866 Syntax§
767 3780 832 3867 90.)
849 3783 884 3846 in
907 3782 993 3863 quod
1015 3783 1133 3849 vitium
1148 3783 1292 3851 Velleius
1316 3804 1393 3866 quo·

206 3903 280 3964 -que
302 3884 432 3950 incidit:
458 3887 680 3969 21222ρὶ22112
697 3889 859 3955 ominibus
884 3895 912 3955 2.
928 3893 1000 3974 792
1015 3891 1213 3974 (auspicari).
1230 3889 1392 3959 fabricare

216 3991 296 4057 dicit
319 3991 402 4058 Vell.
428 3994 456 4058 2.
471 3994 556 4077 27,4.
581 3996 609 4059 2.
629 4000 713 4076 792.
737 3995 861 4075 (Cicero
886 4015 1013 4078 semper
1033 3995 1211 4080 fabricari.)

315 4097 499 4180 frustratus
515 4120 581 4183 spe.
595 4103 624 4166 2.
639 4104 714 4185 21,3
731 4121 806 4169 mox
818 4103 982 4170 intellexit
994 4123 1065 4171 esso
1081 4104 1275 4171 trustratum
1287 4107 1394 4172 212221

209 4206 654 4292 222212.43,1.1’122112112
679 4211 870 4278 custodibus
895 4214 1010 4295 2.87,1
1038 4211 1116 4297 (Cic.
1140 4213 1316 4298 frustrari.)

324 4315 481 4379 testatum
503 4321 553 4381 est
573 4314 721 4402 (testari)
751 4336 786 4383 es
809 4318 857 4383 ist
892 4319 1053 4402 bestitigt
1087 4319 1221 4385 worden
1245 4323 1397 4405 21122.

209 4418 246 4481 a.
265 4421 370 4500 1122.
