3224 5050
728 427 903 488 -42-.

223 622 284 688 dns
301 621 386 687 circa
402 627 531 687 centum
548 625 583 685 et
599 619 718 702 viginti
735 637 837 685 annos
860 618 1036 684 distinctus
1059 619 1101 682 ab
1124 617 1258 682 Homeri
1282 623 1409 684 aetate„

331 745 429 830 Infra
456 745 614 826 imprimis
647 764 667 809 a
697 744 932 810 recentioribus
965 744 1005 810 de
1036 745 1140 826 gradu
1164 745 1293 810 dicitur.
1316 743 1410 809 Veli.

224 853 339 935 2.83,1
363 851 449 918 infra
477 871 589 918 servos
613 852 722 917 cliens.
747 857 776 916 2.
792 856 883 932 luql
923 870 958 916 se
979 850 1068 916 infra
1091 852 1226 918 aliorum
1251 851 1411 917 aestima·-

223 959 329 1025 tiones
353 960 462 1025 metiri

330 1099 423 1164 Intro
463 1102 568 1167 (licet
608 1101 685 1166 Caes.
724 1120 899 1182 numquam
940 1100 979 1165 de
1016 1108 1162 1183 tempore
1186 1103 1310 1169 dicunt.
1345 1099 1412 1188 (ct.

223 1207 371 1291 Draeger
385 1211 459 1276 hist.
494 1209 620 1290 Syntax
627 1209 652 1273 Ι.
662 1229 692 1289 p.
704 1206 782 1294 612)
791 1208 935 1274 Velleius
946 1211 1049 1290 aial
1061 1209 1149 1274 intra
1162 1229 1283 1292 paucas
1295 1211 1411 1276 horas..

224 1320 344 1397 1.16,3
386 1317 475 1382 intra
506 1316 681 1381 biennium.
711 1317 850 1397 2.llb‚2
883 1317 970 1380 intra
1000 1335 1120 1396 paucos
1149 1316 1218 1383 dies
1256 1321 1410 1398 alita·

221 1422 310 1487 intra
340 1423 483 1504 quinque
512 1423 588 1489 dies
613 1424 717 1488 rarior
748 1423 901 1502 loquendi
929 1423 1014 1488 ratio
1043 1429 1153 1489 exstat
1187 1431 1212 1490 l.
1227 1431 1288 1506 5‚3.
1313 1424 1413 1489 intra

221 1530 310 1595 mille
332 1535 445 1595 natum
470 1549 550 1596 esse.
580 1530 621 1615 (=
648 1539 734 1597 etwa
756 1549 815 1596 vor
838 1531 975 1596 tausend
999 1529 1123 1596 Jahren
1141 1533 1283 1614 geboren
1307 1531 1409 1614 sein.)-

220 1641 254 1701 et
278 1640 418 1718 2.111,4
441 1637 531 1701 intra
554 1655 589 1702 se
613 1637 730 1702 iuuere.

331 1777 374 1844 Ob
408 1798 480 1844 cum
514 1779 703 1860 pronomine
740 1778 849 1844 neutri
880 1779 1009 1860 generis
1042 1779 1249 1846 coniunctum
1282 1780 1359 1847 inde
1381 1799 1412 1845 a.

220 1887 315 1952 Livio
351 1887 526 1953 invenitur.
550 1885 713 1972 (Draeger
751 1886 776 1951 Ι.
811 1905 840 1966 p.
878 1891 956 1970 592)
993 1886 1074 1951 Vell.
1111 1893 1250 1970 2.112,1
1288 1889 1328 1954 ob
1358 1887 1412 1952 id„

221 1997 248 2056 2.
267 1999 361 2076 115,2
386 1996 425 2059 ob
450 2013 496 2059 ea.

326 2133 390 2200 Per
417 2138 457 2201 ab
489 2141 664 2217 argenteae
687 2135 863 2200 latinitatis
888 2135 1105 2218 scriptoribus
1130 2137 1209 2203 solis
1233 2157 1306 2204 oum
1329 2158 1414 2220 pro-0

221 2245 403 2309 nominibus
434 2248 493 2308 ant
522 2243 694 2308 adiectivis
718 2243 827 2308 neutri
850 2245 982 2324 generis
1006 2245 1287 2312 substantivorum
1315 2264 1412 2312 mores

220 2351 337 2433 positis
361 2351 577 2432 coniungitur.
602 2350 684 2414 Vell.
709 2351 737 2414 2.
752 2355 826 2432 94,3
851 2369 909 2431 per
931 2350 974 2415 id.
999 2352 1138 2436 2.102‚3
1162 2371 1221 2432 per
1245 2371 1336 2434 quae.

327 2493 449 2558 mentio
483 2511 610 2573 quoque
645 2492 794 2558 facienda
828 2499 878 2558 est
908 2493 1083 2558 locutionis
1109 2513 1168 2576 per
1191 2495 1310 2578 annia,
1348 2493 1415 2560 cui,

221 2601 380 2666 termulae
409 2600 672 2682 exaggerationis
696 2599 791 2665 valde
816 2599 927 2664 studet
943 2599 1097 2666 Velleius.
1122 2601 1254 2684 (Livius
1276 2603 1403 2683 primus

221 2727 260 2774 ea
290 2726 369 2773 usus
393 2703 467 2792 est.)
495 2709 622 2790 2.3l,1.
654 2709 681 2770 2.
697 2708 780 2788 33,1.
811 2713 839 2771 2.
855 2712 938 2788 353.
963 2713 991 2772 2.
1007 2712 1095 2789 403.
1121 2714 1149 2772 2.
1165 2715 1248 2791 69,6.
1274 2715 1302 2774 2.
1319 2711 1410 2789 val„

222 2817 349 2896 noas.
374 2820 402 2879 s.
420 2817 522 2894 uoqa
547 2816 575 2877 2.
592 2818 696 2896 raas.
721 2817 748 2878 a
764 2816 870 2893 rava.
896 2818 924 2878 a.
940 2819 1045 2895 raqa

328 2953 426 3020 Penes
466 2957 552 3036 alqm
583 2957 691 3022 rarius
722 2956 843 3022 dicitur
867 2957 907 3022 de
940 2956 1108 3039 qualitate,
1141 2977 1227 3038 quae
1251 2960 1338 3024 inest
1367 2961 1411 3024 in.

222 3064 339 3144 alique.
365 3064 533 3146 (Draeger.
557 3065 582 3128 Ι.
605 3084 636 3144 p.
662 3061 740 3148 586)
765 3063 804 3128 ci.
829 3063 911 3130 Vell.
937 3067 965 3127 2.
980 3070 1063 3145 30‚6.

330 3202 406 3268 Post
427 3207 468 3270 ab
485 3205 616 3287 optimis
633 3206 846 3287 scriptoribus
869 3225 1045 3288 numquam
1070 3207 1211 3272 sumitur
1234 3206 1273 3272 de
1297 3206 1404 3290 digni·

223 3318 295 3379 tate
326 3319 384 3378 aut
410 3314 515 3395 gradu
535 3313 685 3379 secundo.
710 3314 872 3397 (Draeger
894 3315 919 3378 Ι.
943 3334 973 3395 p.
999 3311 1077 3398 599)
1101 3315 1246 3379 Velleius
1269 3313 1350 3378 dicit
1373 3315 1416 3380 2...

223 3425 296 3502 99,l
323 3419 441 3485 civium
465 3425 540 3501 post
562 3439 662 3485 unum
687 3421 969 3486 eminentissimus

335 3559 425 3625 Ultra
449 3562 488 3627 de
504 3569 649 3644 tempore
667 3561 708 3645 (:
722 3565 802 3628 iiber
817 3562 951 3645 hinaus)
968 3567 1144 3644 argenteae
1159 3565 1279 3630 aetatis
1301 3565 1416 3646 scrip·-

223 3673 312 3734 tores
336 3669 396 3732 soli
413 3667 575 3733 dixerunt.
600 3673 638 3734 ct.
663 3669 745 3734 Veli.
773 3673 799 3734 1.
836 3671 887 3752 2,7
913 3668 1021 3735 odium
1046 3670 1135 3734 ultra
1158 3679 1278 3736 metum
1296 3671 1401 3736 durat.

336 3809 447 3894 Usque,
470 3811 556 3893 quod
578 3811 710 3893 proprio
734 3816 784 3877 est
808 3811 999 3876 adverbium
1023 3813 1064 3876 ab
1088 3813 1220 3893 optimis
1237 3813 1409 3894 scriptori--

225 3921 285 3984 bus
311 3917 533 3983 tantummodo
550 3918 760 4002 coniungitur
776 3937 847 3982 oum
864 3918 1065 3984 accusativis
1082 3919 1209 3984 urbium
1226 3920 1400 4001 nominum;

224 4027 301 4092 iude
325 4046 345 4091 a
366 4025 463 4092 Livio
488 4044 560 4090 cum
594 4025 667 4090 aliis
691 4044 818 4106 quoque
842 4026 1058 4092 substantivis
1081 4026 1224 4107 ponitur.
1248 4028 1330 4092 Veli.
1355 4027 1400 4094 dl-

225 4135 272 4198 oit
296 4137 324 4197 2.
339 4136 390 4216 6‚2
415 4150 519 4213 usque
542 4133 644 4212 Alpes
668 4133 836 4200 civitatem
860 4133 1044 4199 extendere.

332 4274 382 4338 Ab
405 4275 604 4356 praepositio
628 4276 778 4356 sequitur
801 4275 997 4342 adiectivum
1028 4275 1183 4340 immunis.
1209 4279 1236 4340 2.
1254 4277 1325 4359 las
1358 4277 1415 4342 ab<

226 4383 372 4451 arbitriis
396 4382 491 4466 (Vell.
515 4380 613 4467 Plin.)
