3224 5050
736 455 907 514 ..gg-

225 638 402 734 praedictis
426 650 572 716 ducibus
596 653 735 728 2.118,3
773 645 913 712 decretis
936 645 1024 710 facta
1047 645 1185 725 iungere

333 758 457 821 miscere
473 763 502 822 2.
521 761 573 840 5,3
591 751 715 820 mixtus
737 753 850 818 timori
872 751 984 834 pudor.
1009 755 1038 816 2.
1051 756 1127 834 86,3
1153 768 1226 816 cum
1249 768 1286 816 se
1308 748 1410 829 parti·

169 924 172 936 .
225 868 288 932 bus
312 865 383 932 eius
408 863 606 929 miscuisset.

333 970 480 1036 alterare.
505 973 646 1051 2.112,7
672 968 821 1050 Agrippa
836 965 941 1048 patris
964 969 1064 1046 atque
1088 964 1232 1035 eiusdem
1267 963 1322 1030 avi
1357 961 1410 1026 sui

168 1119 169 1122 =
228 1078 375 1146 animum
398 1077 559 1144 alienavit
581 1075 656 1140 sibi.
754 1147 758 1153 ,

336 1202 402 1266 alia
436 1203 539 1268 verbu
575 1207 613 1266 ut
643 1199 803 1282 copulare,
834 1196 1001 1284 destinare,
1027 1215 1162 1280 parare,
1194 1213 1326 1272 screare,
1358 1193 1410 1275 al,

226 1327 312 1390 qnae
336 1327 356 1374 a
379 1308 504 1375 Velleio
528 1325 601 1374 cum
625 1307 734 1372 dativo
759 1306 1015 1388 coniunguntur,
1047 1305 1134 1385 apud
1164 1303 1304 1384 optimos
1334 1319 1412 1382 quo·

225 1433 291 1497 que
315 1416 492 1497 scriptores
526 1415 575 1480 ita
598 1418 758 1494 usurpata
780 1413 1001 1480 inveniuntur.
1024 1413 1179 1476 abhorret
1202 1416 1314 1477 cutem
1337 1409 1413 1474 Vel-

229 1523 313 1588 leius
343 1525 384 1588 ab
417 1522 540 1604 optime
571 1521 700 1587 dicendi
729 1520 857 1585 ratione
889 1538 961 1584 cum
997 1520 1132 1585 verbum
1169 1535 1301 1600 aequare
1339 1533 1412 1580 cum

231 1629 344 1695 dativo
361 1629 538 1712 coniungit
557 1635 586 1694 2.
601 1630 674 1710 99,1
703 1628 789 1692 Nero
803 1630 966 1710 aequatus
982 1625 1143 1708 Augusto.
1161 1631 1189 1690 2.
1204 1629 1279 1706 88,3
1297 1641 1413 1704 aeque-

229 1740 285 1802 tur
299 1736 487 1818 praedictae
502 1737 567 1802 iam
579 1735 719 1801 Antistii
732 1734 873 1801 Servilia
884 1733 1001 1813 Lepidi
1016 1752 1107 1798 uxor.
1124 1739 1154 1798 2.
1169 1737 1276 1813 127,1.
1306 1737 1335 1796 2.
1348 1731 1412 1812 4,2.

338 1861 480 1927 Dativus
504 1861 654 1941 sequitur
677 1860 757 1924 haec
781 1861 882 1925 verba
904 1857 1094 1939 composita:

337 1965 476 2032 accedere
502 1995 531 2024 :
559 1967 826 2048 hinzukommen,
865 1963 1086 2048 hinzugefiigt
1115 1964 1256 2030 werden.
1292 1969 1321 2028 2.
1335 1967 1410 2042 26,3

231 2079 391 2156 quantum
405 2075 504 2140 huius
522 2075 644 2158 gloriae
659 2072 830 2154 famaeque
840 2073 985 2138 accessit!
1014 2101 1043 2130 =
1068 2071 1291 2153 beipflichten.
1318 2075 1345 2134 1.
1359 2071 1411 2152 8,5

230 2181 373 2248 libenter
396 2182 437 2248 iis
461 2183 663 2248 accesserim.
687 2181 762 2261 (Cic.
786 2185 820 2246 et
844 2179 933 2246 Caes.
957 2181 1112 2246 accedere
1141 2177 1207 2262 ad.)

338 2305 522 2372 adhererem
536 2313 563 2374 1.
578 2313 630 2392 9,6
644 2307 771 2374 invidia
788 2306 960 2372 altissimis
973 2306 1141 2372 adhaeret.
1155 2303 1288 2369 dativus
1305 2319 1363 2383 pro
1379 2301 1416 2364 ia

230 2433 382 2496 praepos.
405 2415 480 2481 inde
503 2434 523 2480 a
545 2415 643 2480 Livio
667 2413 821 2479 usitatior
845 2431 917 2479 esse
940 2414 1054 2494 coepit.

340 2537 463 2622 adjicio.
495 2545 525 2606 2.
540 2545 592 2624 7,2
623 2539 700 2604 huic
731 2539 899 2603 atrocitati
930 2538 1094 2604 adiectum
1129 2537 1235 2602 scelus
1276 2534 1415 2600 unicum.

233 2647 535 2728 2.36,1.2.100,1.
569 2648 720 2730 2.104,1.
744 2643 824 2728 (Cic.
856 2648 890 2710 et
914 2645 992 2711 Caes.
1022 2646 1084 2710 hoc
1114 2647 1249 2711 verbum
1280 2648 1315 2708 et
1345 2660 1418 2706 cum

232 2749 343 2817 dativo
372 2755 407 2817 et
439 2770 511 2816 cum
541 2752 785 2832 praepositione
817 2751 1034 2834 coniungunt,
1065 2751 1213 2818 Velleius
1245 2768 1317 2814 cum
1348 2749 1417 2813 solo

237 2857 376 2941 dativo.)
591 2861 593 2864 ’

339 2963 507 3032 admovere.
538 2969 567 3032 2.
582 2961 872 3054 70‚5:mucronem
903 2965 1076 3031 mamillae.
1109 2971 1137 3030 2.
1151 2966 1225 3047 96,1
1251 2964 1415 3028 Neronem

232 3072 369 3155 propius
393 3071 523 3138 Caesari.
548 3071 627 3157 (Cic.
651 3079 685 3138 et
708 3073 787 3138 Caes.
811 3078 869 3138 aut
892 3073 1005 3139 edant
1029 3069 1109 3155 dat.)

345 3177 475 3246 advolet.
499 3186 528 3245 2.
542 3185 619 3262 80,4
642 3179 782 3262 genibus
806 3180 894 3262 achs.
917 3179 1007 3264 (inde
1030 3198 1051 3244 a
1072 3176 1193 3263 Livio.)

343 3305 519 3372 appropera.
546 3289 575 3352 2.
589 3289 662 3369 51,1
688 3287 822 3353 comites
834 3286 966 3353 fortuna
979 3286 1008 3351 ei
1025 3289 1275 3368 aggregaverat.
1299 3289 1328 3350 2.
1343 3285 1417 3366 91,3

235 3393 429 3476 aggregatis
454 3393 516 3459 sibi
540 3391 723 3461 simillimis.
745 3412 804 3474 pro
828 3410 1011 3476 aggregare
1035 3392 1086 3457 ad.
1110 3389 1204 3476 (Cic.)

342 3517 464 3601 appelli.
489 3517 878 3600 2.107,3ripaeappelli.
904 3535 976 3582 cum
999 3535 1065 3581 acc.
1089 3516 1420 3581 coniunctumexstat

237 3632 341 3712 1.1‚1.
367 3624 509 3706 Cyprum
533 3625 699 3706 appulsus.
724 3623 834 3688 Cicero
863 3627 921 3687 aut
951 3641 1017 3687 acc.
1048 3628 1106 3687 aut
1137 3641 1285 3704 praepos
1319 3621 1419 3703 ponit.

233 3753 308 3800 cum
335 3733 401 3797 dat.
424 3730 574 3796 Velleius
597 3731 723 3812 primus
747 3729 924 3795 coniunxit.
949 3728 1047 3815 (Ilius
1071 3727 1136 3814 ad.)

342 3875 521 3922 assuescere.
535 3859 563 3922 2.
578 3861 640 3920 117
644 3861 675 3938 ,2
691 3855 828 3920 militiae
844 3860 1006 3922 assuetus.
1020 3854 1086 3920 dat.
1099 3854 1217 3920 dubius
1229 3858 1287 3919 est:
1301 3856 1330 3918 2.
1344 3857 1419 3935 225

238 3964 428 4033 commilitio
445 3969 605 4029 assuetus.
624 3969 653 4029 2.
668 3968 720 4046 79,
748 3968 765 4028 1
780 3963 952 4029 navalibus
969 3961 1202 4028 certaminibus
1220 3977 1419 4027 assuescere.

345 4087 488 4173 conferre
523 4107 596 4154 cum
629 4089 665 4154 ia
698 4091 758 4153 aut
793 4085 835 4150 ad
873 4087 1169 4170 praepositionibus
1210 4085 1421 4168 coniungitur

261 4203 291 4264 2.
305 4201 391 4282 76,3.
415 4198 564 4280 2.115,1.
589 4213 661 4260 cum
685 4193 751 4260 dat.
778 4197 807 4262 1.
819 4199 881 4276 9,6.

346 4319 546 4402 praepositio
569 4319 705 4385 verbum
720 4318 903 4400 coniuapere
918 4316 1081 4398 sequitur,
1107 4321 1244 4399 excepto
1261 4336 1326 4383 uno
1341 4317 1422 4384 loco.

237 4434 269 4494 2.
283 4429 368 4512 cal.
392 4427 551 4494 consultis
574 4424 663 4492 factu
687 4423 896 4506 coniungere.
