3224 5050
712 445 890 508 ...39-

316 639 437 705 illidere
461 659 532 706 oum
557 640 621 705 dat.
650 638 858 706 coniunctum
886 641 1170 715 21121212.120,4.
1201 641 1392 702 cannarum

207 769 327 836 seriem
351 766 452 847 capiti
474 764 611 830 illidere.
635 782 707 829 cum
728 761 970 844 praepositione
992 762 1028 826 in
1052 768 1082 828 2.
1096 768 1158 844 7,2.

314 889 490 954 immiscere.
526 894 553 954 1.
566 893 618 970 2,1
643 887 810 954 immixtus
835 887 962 954 cestrie.
986 887 1074 968 (inde
1098 905 1118 952 a
1140 887 1257 968 Livio.)

313 997 449 1080 injicere.
474 1003 503 1062 2.
517 1001 593 1078 33‚4
615 997 716 1061 moles
741 999 833 1061 mari.
855 995 989 1078 injicere
1011 995 1047 1060 in
1071 1000 1199 1076 2.19,2.

313 1104 412 1168 intuiti
434 1103 572 1186 genibus
596 1104 702 1186 (Poet.
725 1100 822 1185 rena)
846 1107 876 1168 2.
889 1107 976 1184 832.

313 1212 458 1276 inserere.
483 1213 625 1292 2.103,4
648 1226 763 1274 manus
787 1209 886 1274 coelo.
901 1207 1006 1294 (Post.
1018 1206 1106 1290 liv.)
1122 1208 1197 1274 huic
1222 1209 1291 1273 loco
1308 1209 1394 1274 inse·

205 1323 433 1403 rere.l.14,1.
457 1324 572 1384 tantae
594 1335 704 1382 rernm
727 1316 947 1399 magnitudini
971 1316 1055 1397 alqd.
1079 1318 1230 1399 2.107,1.

313 1425 463 1490 insistere.
489 1423 607 1505 1.17‚4
629 1423 718 1488 notis
734 1428 925 1505 temporum.
950 1428 980 1490 2.
994 1427 1044 1506 3,1
1071 1422 1205 1489 summis
1223 1424 1390 1505 gradibus.

210 1553 270 1616 pro
294 1533 448 1599 insistere
471 1531 506 1595 in
530 1531 608 1615 (Cic.
634 1529 726 1610 Caes.)
1052 1591 1055 1598 ,

314 1640 505 1722 interponere
539 1639 666 1718 1.11,4.
697 1641 727 1702 2.
742 1639 804 1718 7,4.
828 1640 956 1720 26113.
987 1633 1065 1719 (Cic.
1095 1636 1332 1702 tantummodo:
1357 1654 1393 1702 se

207 1749 416 1830 interponere
439 1744 512 1829 rei.)

307 1871 513 1938 precepercre.
537 1857 688 1933 elcan.
711 1851 827 1916 11121011
860 1849 950 1932 operi
979 1867 1177 1933 praeparare
1208 1850 1303 1930 alqm.
1333 1868 1393 1930 pro

207 1981 403 2046 praeparare
426 1961 478 2026 ad.
792 1959 793 1962 ’

313 2074 529 2151 prosternere.
554 2073 583 2132 2.
599 2070 704 2147 litt.
729 2065 867 2147 pedibus
890 2085 950 2146 pro
973 2065 1016 2130 211
1038 2065 1145 2146 pedes.

314 2175 508 2240 summittere.
533 2181 562 2240 2.
576 2179 661 2255 37,4.
685 2173 792 2240 alicui.
817 2173 919 2253 (Post
943 2171 1070 2256 821122.)

253 2281 334 2347 Haec
355 2280 505 2346 adiectione
528 2281 653 2363 priores
677 2299 742 2346 non
766 2299 839 2346 cum
864 2279 975 2346 dativo
999 2281 1249 2346 coniunxerunt:

315 2386 476 2456 absurdos.
501 2395 530 2454 2.
544 2394 628 2472 38,1.
646 2388 795 2472 (semela
811 2388 886 2454 Tac.
903 2388 988 2453 Anu.
1015 2392 1088 2467 129
1112 2387 1160 2452 112
1177 2386 1299 2451 dictum
1316 2384 1391 2470 est.)

317 2497 511 2579 consentinis.
538 2502 563 2560 1.
581 2500 630 2577 1,1
648 2495 778 2576 patriae
793 2513 881 2561 susa.
895 2494 1024 2560 discors..
1036 2500 1066 2560 2.
1080 2499 1156 2575 37,3
1180 2492 1277 2574 patri.
1294 2490 1393 2556 diocr-

205 2621 268 2668 sns.
294 2609 321 2668 2.
337 2609 410 2687 75,2
435 2603 814 2685 praesentissimae
839 2600 1042 2682 diversans,
1074 2617 1156 2679 quae
1179 2599 1254 2664 aliis
1286 2599 1392 2679 place-

206 2711 295 2776 bant.
318 2710 439 2774 labilis.
464 2715 613 2792 211113.
631 2713 781 2792 2.113,2.
799 2707 878 2791 (Cio.
901 2707 958 2792 ad)
989 2705 1117 2770 idonens
1141 2713 1170 2772 2.
1188 2707 1270 2788 122.
1295 2704 1392 2789 (ees.

205 2817 249 2882 ad
272 2823 330 2881 ant
353 2817 434 2899 dat.)
451 2837 580 2900 ponus.
608 2820 709 2896 1.9,2.
732 2813 892 2880 sannaus.
918 2817 947 2878 2.
962 2818 1045 2896 76,1.

313 2921 515 2986 Accusatiens
538 2923 687 3004 seqnitur
711 2922 798 3002 apud
813 2921 974 2988 Velleium
1000 2921 1103 2988 multa
1119 2921 1235 3004 verba,
1250 2940 1334 3002 quae
1350 2923 1390 2987 ab

207 3030 340 3112 optimis
363 3030 579 3112 scriptoribus
602 3030 811 3096 intransitive
834 3038 1009 3110 ponuntur.

313 3137 485 3221 auspicari.
510 3140 650 3220 2.101,2
675 3137 813 3201 militiae
830 3135 976 3229 gratim.
1000 3135 1063 3219 (112
1086 3137 1225 3201 verbum
1249 3140 1392 3200 tantum·

206 3245 300 3310 modo
324 3265 344 3310 a
366 3246 603 3311 recentioribus
627 3245 825 3325 usurpatur.)

314 3349 425 3416 cedere.
449 3358 478 3417 2.
492 3357 568 3434 85‚5
592 3351 777 3417 victoriam.

315 3457 481 3526 concedere.
513 3464 544 3524 1.
558 3462 620 3542 3,2.
645 3465 674 3524 2.
690 3464 763 3540 77,2
790 3457 824 3522 in
846 3458 908 3522 lroe
931 3455 1061 3521 foedere
1085 3455 1211 3536 placuit
1245 3453 1391 3520 Siciliam

204 3568 428 3647 Achaiamqne
450 3566 605 3646 Pompeio
630 3564 817 3631 concedere.

314 3675 493 3757 continpere.
521 3677 616 3755 1,1,4
639 3691 709 3738 sors
734 3672 940 3754 Tyrrhenum
964 3669 1110 3750 contigit.
1137 3667 1250 3753 (Ptin.)

316 3777 502 3844 descendere.
525 3782 553 3844 2.
568 3784 651 3860 54,4.
669 3778 869 3845 descendens
885 3776 1067 3861 (Halmiusz
1092 3774 1288 3860 ascendens)
1300 3795 1392 3840 mon-

209 3893 276 3955 tem
300 3887 421 3953 Tifata.
446 3886 510 3951 Cio.
535 3884 631 3971 (Caes,
657 3904 707 3967 ex,
733 3884 782 3966 de,
808 3882 872 3968 ab.)

313 3996 395 4060 eniti.
421 4001 449 4060 2.
464 3998 537 4075 921
563 3994 658 4073 alqm.
682 3990 773 4076 (inde
796 4011 816 4056 a
839 3989 958 4075 Livio)

297 4103 458 4167 excedere.
483 4099 571 4186 (inde
600 4119 619 4164 a
648 4097 766 4181 Livio.)
791 4102 818 4163 1.
833 4104 894 4181 9‚6.
926 4102 1040 4180 1.16,1
1062 4097 1199 4162 1211112111
1222 4095 1390 4178 propositi.

206 4211 327 4291 251,3.
353 4213 380 4272 2.
396 4215 481 4291 56‚3.
508 4210 683 4274 humanam
708 4204 813 4270 fidem.
839 4211 869 4271 2.
883 4211 972 4289 66,3.
993 4208 1023 4271 2.
1041 4206 1136 4286 lenc
1162 4205 1300 4269 modum.

314 4315 493 4398 intellepere.
518 4317 656 4398 2.114,5
681 4314 777 4393 alqm.
803 4316 945 4396 21124
968 4311 1072 4396 (Post.
1095 4311 1208 4393 rece.)

311 4419 459 4484 incendere
481 4423 600 4487 hostes,
625 4425 653 4486 2.
668 4423 765 4504 lies
789 4440 848 4501 pro
871 4421 904 4484 111
928 4420 1047 4484 hostes.
