3224 5050
730 448 908 511 -3'0-

330 641 501 708 Excolanri
523 646 575 707 est
597 643 724 708 calceos
749 641 812 708 sibi
837 641 1020 707 detrahere.
1045 645 1074 706 2.
1089 645 1166 725 41,3
1190 641 1239 705 ita
1262 659 1297 706 se
1320 640 1408 721 apud

221 769 277 816 eos
305 751 418 832 gessit,
444 754 481 814 ut
511 767 618 830 neque
646 767 801 829 umquam
826 755 884 814 aut
906 754 1002 813 nocte
1025 751 1083 812 aut
1106 747 1158 812 die
1182 751 1241 812 aut
1264 747 1408 812 excalce-

226 863 340 922 aretur
369 861 428 922 aut
452 856 700 937 discingeretur.
724 855 830 941 (Suet.
853 854 966 920 Vitell.
991 857 1020 920 2.
1043 857 1081 918 ut
1104 853 1168 918 sibi
1191 853 1290 934 pedes
1313 873 1408 934 prae-

226 966 320 1030 beret
344 963 587 1028 excalceandos.

328 1067 562 1152 Eluapuoscera.
601 1071 689 1135 verb.
725 1069 902 1134 inchoatio.
926 1070 967 1133 ab
987 1068 1156 1151 elangueo.
1182 1067 1402 1151 2.111,42ἰ-

230 1177 322 1242 ribus
347 1177 587 1259 elanguescere.
612 1173 723 1260 (Plin.)

334 1281 499 1347 lunutriro
526 1281 612 1348 idem
637 1287 688 1348 est
712 1288 811 1362 atque
834 1283 982 1348 educare.
1007 1288 1036 1348 2.
1053 1287 1129 1362 942
1154 1282 1225 1348 Tib.
1248 1280 1405 1348 Claudius

227 1391 327 1472 Nero,
366 1389 549 1454 innutritus
587 1389 777 1454 caelestium
812 1393 1062 1470 praeceptorum
1090 1387 1281 1469 disciplinis.
1306 1387 1405 1469 (Plin.

227 1515 276 1578 ep.
302 1502 386 1573 9‚33.
411 1495 499 1560 Suet.
523 1497 610 1577 Aug.
634 1498 662 1560 3.
685 1497 770 1561 Plin.
794 1497 915 1577 Pancg.
943 1493 1007 1576 16.)

330 1600 502 1684 Εεμ222222
525 1602 758 1682 frequentativ.
776 1621 795 1667 2
810 1602 989 1682 rependere
1005 1602 1089 1668 idem
1106 1607 1157 1666 est
1173 1620 1211 1666 ac
1226 1600 1405 1680 rependere

229 1710 283 1775 vel
312 1727 528 1790 compensare.
561 1716 590 1774 2.
613 1715 689 1792 alst
712 1711 805 1775 cuins
833 1710 987 1774 interitus
1022 1697 1175 1789 valuptas
1212 1708 1404 1772 amissorum

145 1844 153 1862 ·
223 1824 282 1882 aut
316 1817 426 1898 gladio
461 1823 519 1881 eut
553 1819 664 1882 morbo
697 1817 820 1893 civium
856 1835 959 1898 paene
990 1815 1107 1880 damno
1135 1820 1312 1895 repensata
1346 1820 1404 1880 est.

224 1924 353 2008 (senec.
377 1922 489 2006 Apul.)

699 2250 838 2360 eaput
870 2241 942 2335 ΠΙ.

288 2579 292 2588 .
336 2493 437 2560 Aliud
470 2499 521 2558 est
544 2498 721 2574 argenteae
745 2492 933 2575 latinitatis,
959 2493 1043 2572 quod
1060 2493 1172 2558 multis
1188 2495 1324 2560 vocibus
1340 2493 1407 2558 alia

225 2600 422 2682 significatio
450 2607 550 2681 atque
574 2600 661 2680 apud
673 2601 811 2681 optimos
836 2600 1013 2680 scriptores
1036 2600 1212 2684 habebant,
1237 2601 1407 2666 tribuitur.
1463 2655 1465 2658 .

226 2707 316 2788 apud
332 2707 495 2773 Velleium
511 2725 639 2787 quoque
656 2726 811 2788 magnum
828 2708 1002 2772 verborum
1017 2724 1188 2772 numerum
1210 2706 1406 2790 invenimus,
1462 2763 1464 2768 .
1591 2757 1592 2784 ,

229 2814 347 2894 quibus
370 2814 427 2878 ille
450 2831 570 2879 novam
592 2813 660 2880 vim
685 2814 783 2879 dedit.

337 2921 481 3002 Repperi
504 2931 615 2986 antem
638 2922 848 2988 substantiva
871 2923 968 2985 haec:

338 3027 435 3090 Actus
459 3045 557 3092 sensu
571 3029 703 3109 passivo
726 3029 812 3094 idem
840 3033 891 3094 est
914 3047 952 3092 ac
975 3027 1152 3111 negotium,
1177 3018 1239 3091 res
1253 3028 1408 3108 gerenda.

227 3136 372 3222 2.127,4
396 3135 535 3200 Seianus
566 3136 697 3210 Aelius,
721 3137 774 3200 vir
805 3136 994 3202 severitatis
1025 3134 1236 3216 laetissimae,
1260 3134 1409 3200 hilarita-

228 3241 273 3306 tis
289 3243 427 3322 priscae,
445 3250 522 3306 actu
546 3243 658 3307 otiosis
682 3243 867 3308 simillimus
891 3249 952 3308 etc.
975 3242 1101 3324 priores
1124 3241 1186 3306 hac
1208 3259 1288 3306 voce
1312 3247 1409 3307 utun-

226 3352 283 3412 tur
313 3354 371 3413 aut
401 3349 509 3414 activo
541 3356 600 3415 ant
631 3349 763 3430 passivo
795 3367 893 3416 sensu
925 3348 965 3415 de
994 3349 1068 3429 ipsa
1090 3348 1219 3415 actione
1242 3348 1296 3415 vel
1318 3354 1408 3414 motu

227 3462 285 3520 aut
318 3455 357 3519 de
387 3461 482 3536 gestu
515 3461 548 3520 et
571 3462 662 3520 motu
686 3457 830 3538 corporis
853 3456 1048 3521 histrionum
1073 3461 1106 3520 et
1130 3456 1334 3522 saltatorum.
1358 3473 1409 3521 eo·

230 3561 302 3626 dem
338 3579 446 3643 sensu,
484 3581 545 3642 qno
570 3561 716 3628 Velleius
751 3581 863 3628 vocem
892 3564 1017 3646 posuit,
1053 3566 1163 3627 exstat
1197 3549 1284 3644 apud
1320 3561 1408 3629 Suet.

230 3669 316 3751 Aug.
343 3674 393 3732 78.
412 3667 524 3734 Claud.
546 3675 597 3735 30.
617 3669 706 3750 apud
727 3669 837 3752 Quint.
852 3674 935 3752 11,l.
949 3669 983 3735 in
996 3669 1115 3734 ceteris
1124 3669 1254 3735 actibus
1266 3669 1356 3735 vitae
1367 3671 1417 3735 al..

335 3775 510 3837 assentatio
543 3794 564 3839 a
595 3775 750 3841 Cicerone
781 3777 865 3841 malo
895 3794 993 3842 sensu
1021 3777 1162 3842 sumitur
1185 3775 1238 3862 (cl.
1262 3776 1332 3842 Att.
1358 3779 1408 3858 13.

233 3883 274 3944 28
299 3881 479 3946 assentatio
503 3882 620 3962 turpis.
650 3882 752 3947 Amic.
779 3885 829 3948 24.
853 3883 1035 3948 assentatio
1059 3883 1215 3950 vitiorum
1239 3881 1407 3968 adiutrix.)

228 3987 374 4054 Velleius
406 3989 490 4052 bono
522 4005 621 4054 sensu
660 3994 799 4070 usurpat
832 4009 892 4072 pro
916 4009 1061 4057 assensu.
1090 3992 1241 4072 21223
1282 3991 1337 4070 qui
1364 3991 1407 4056 M.

227 4094 334 4160 Tullio
358 4101 486 4159 tantum
503 4095 650 4162 tribuere
674 4101 711 4161 ut
731 4115 835 4178 paene
858 4099 1082 4164 assentatione
1105 4115 1176 4180 suo,
1200 4096 1318 4176 quibus
1342 4098 1408 4163 vel·

231 4202 287 4284 let,
311 4201 517 4282 principatus
541 4205 740 4270 conciliaret.
1289 4285 1290 4290 .

336 4307 455 4372 Auctor
481 4310 622 4376 sumitur
648 4331 707 4393 pro
742 4312 901 4393 scriptore
934 4316 961 4377 1.
975 4313 1027 4396 7,2
1051 4311 1274 4378 historiarum.
1299 4315 1328 4379 2.
1346 4317 1408 4396 9,5.

231 4420 261 4479 2.
285 4417 360 4499 36,2
385 4418 572 4484 carminum.
