3224 5050
723 431 900 492 „14-

225 630 363 706 apparet
396 624 663 705 quemadmodum
697 623 825 688 urbium
860 622 1133 704 imperiorumque
1168 623 1216 688 ita
1250 621 1397 703 gentium

224 749 311 796 01100
333 731 449 796 florere
472 731 636 796 fortunam
648 748 734 795 11000
756 729 900 818 interire.
925 735 953 794 2.
979 735 1053 810 3113
1077 731 1158 796 adeo
1174 729 1334 795 familiare
1348 737 1400 796 est

224 839 407 903 honunibus
442 839 549 903 omnia
584 837 647 903 sibi
674 837 842 920 ignoscere
865 836 947 902 nihil
971 837 1044 901 aliis
1067 837 1233 903 remittere
1258 845 1291 902 et
1315 837 1398 902 invi-

223 944 311 1009 diam
344 963 452 1010 rerum
485 965 549 1010 non
584 945 625 1010 ad
649 963 779 1011 causam
804 943 862 1009 sed
885 945 927 1008 ad
949 945 1153 1037 voluntatem
1177 961 1398 1026 personasque

223 1051 374 1132 dirigere.
407 1056 624 1133 23621110
646 1053 794 1116 vivorum
819 1057 857 1116 ut
891 1070 1010 1134 magua
1033 1051 1206 1116 admiratio
1241 1051 1289 1116 ita
1324 1069 1398 1116 cen-

222 1177 303 1223 sura
311 1156 452 1222 difficilis
465 1165 523 1223 est.
534 1165 561 1223 2.
574 1164 832 1241 40‚5numquam
839 1158 1014 1224 eminentia
1025 1158 1151 1223 invidia
1159 1165 1306 1223 01110012
1320 1163 1395 1239 822

221 1265 359 1330 aluntur
392 1264 476 1330 vitia
510 1265 796 1330 assentationibus.
823 1270 945 1346 2532
993 1265 1049 1330 sed
1075 1265 1146 1346 quis
1178 1266 1212 1330 in
1247 1265 1395 1331 adversis

223 1371 457 1437 beneficiorum
480 1377 591 1437 seruat
613 1371 823 1437 memoriam?
869 1378 927 1436 aut
956 1371 1028 1451 quis
1064 1371 1163 1436 ullam
1198 1372 1394 1437 calamitosis

223 1478 337 1543 deberi
360 1481 456 1558 putat
478 1477 640 1560 gratiam?
687 1483 745 1543 aut
768 1478 897 1559 quaudo
921 1478 1054 1544 fortuna
1077 1498 1141 1543 non
1158 1477 1395 1544 mutatfidem?

224 1584 455 1649 beneficiorum
479 1585 635 1651 memoria
648 1603 727 1665 erga
738 1585 886 1650 infelices
914 1586 1007 1650 nulla
1031 1603 1102 1650 esse
1126 1587 1219 1650 solet.
1244 1593 1273 1650 2.
1299 1590 1393 1667 1022

222 1692 344 1756 etenim
379 1710 506 1771 semper
538 1711 677 1774 magnae
711 1692 851 1757 tortuuae
885 1711 990 1758 comes
1021 1691 1116 1757 adest
1145 1692 1301 1758 adulatio.
1325 1711 1397 1756 sen-

221 1798 362 1880 tentias,
394 1816 467 1878 quac
489 1799 655 1880 pertinent
678 1799 720 1863 ad
743 1799 804 1864 fati
828 1799 902 1882 vim,
927 1800 992 1863 iam
1016 1817 1115 1878 supra
1139 1799 1397 1864 commemoraui.

331 1905 467 1970 Accedit
489 1905 642 1970 similium
672 1907 726 1972 vel
753 1905 933 1986 imaginum
956 1924 1052 1986 usus,
1077 1924 1160 1986 quae
1183 1906 1286 1970 multa
1310 1905 1397 1986 apud

220 2013 383 2078 Velleium
418 2012 639 2095 inveniuntur,
676 2019 840 2077 oratorum
878 2014 932 2078 vel
954 2018 1123 2093 poetarum
1157 2029 1254 2077 more.
1290 2017 1316 2076 1.
1342 2017 1393 2093 5‚1

220 2119 439 2185 clarissimum
475 2119 591 2184 deinde
626 2119 760 2184 Homeri
795 2118 905 2184 illuxit
937 2120 1113 2203 ingenium.
1150 2126 1177 2185 1.
1217 2125 1288 2201 16,1
1325 2139 1398 2200 quae

218 2226 284 2309 (sc.
312 2224 501 2310 festinatio)
536 2245 588 2292 me
618 2231 700 2292 rotae
731 2227 866 2322 prouive
893 2228 1035 2309 gurgitis
1067 2246 1105 2293 ac
1136 2226 1271 2292 verticis
1303 2226 1422 2290 modo·

223 2351 398 2413 numquam
421 2332 548 2414 patitur
571 2335 756 2399 consistere.
802 2335 878 2399 ibid.
903 2341 921 2400 2
947 2341 980 2400 01
1004 2334 1273 2416 quemadmodum
1286 2335 1398 2398 clausa

217 2459 320 2522 capso
336 2440 451 2508 aliove
474 2445 576 2520 saepto
601 2440 722 2507 diversi
746 2443 875 2524 generis
899 2443 1053 2508 animalia
1068 2443 1168 2506 nihilo
1185 2443 1292 2506 minus
1307 2459 1399 2521 sepa·

181 2535 183 2540 Α
221 2554 298 2613 rata
321 2547 438 2612 alienis
460 2548 495 2612 in
518 2567 617 2614 unum
641 2567 778 2631 quaeque
802 2569 919 2633 corpus
942 2555 1184 2632 congregantur
1207 2547 1399 2614 0101111114

216 2656 357 2735 ingenia
381 2654 546 2720 Socratico
570 2675 626 2721 ore
638 2656 821 2723 defluentia.
847 2665 874 2723 2.
887 2659 940 2738 4,6
987 2658 1090 2722 Roma
1114 2657 1278 2720 extulerat
1290 2660 1395 2736 caput.

218 2768 254 2827 ,2.
268 2767 320 2845 53,
346 2768 364 2826 3
389 2763 502 2827 collisa
524 2763 611 2827 inter
634 2782 669 2829 se
694 2765 756 2829 duo
779 2765 826 2830 rei
840 2765 978 2846 publicae
1001 2763 1117 2844 capita.
1143 2769 1171 2828 2.
1197 2767 1270 2843 36,1
1304 2762 1397 2826 divus

218 2870 396 2950 ‚Augustus
424 2871 573 2936 omnibus
603 2871 745 2937 omnium
777 2872 923 2955 gentium
946 2871 1028 2938 viris
1059 2871 1254 2936 inducturus
1286 2867 1398 2951 caligi-

224 2993 297 3040 nem
334 2982 361 3040 2.
395 2981 470 3059 41,1
508 2980 697 3046 consulatus
733 2980 765 3046 O.
801 2979 949 3061 Caesaris,
985 2979 1041 3060 qui
1072 2977 1228 3043 scribenti
1267 2995 1398 3040 manum

225 3081 339 3165 injicit.
365 3089 393 3147 2.
420 3087 515 3167 1292
546 3086 696 3151 Tiberius
730 3086 964 3151 Maroboduum
998 3085 1214 3150 inhaerentem
1250 3081 1399 3163 occupati

198 3189 318 3272 :regui
341 3189 459 3255 linibus
482 3192 575 3257 velut
598 3196 783 3274 serpentem
807 3195 992 3258 abstrusam
1015 3196 1112 3258 terrae
1124 3190 1309 3257 salubribus
1327 3207 1400 3253 con·

218 3297 372 3362 siliorum
396 3297 642 3365 medicamentis
665 3301 771 3384 coegit
805 3301 924 3384 egredi.
950 3296 1400 3385 2.29,20111101001101010111

218 3403 342 3484 sopire.

337 3527 402 3595 Sed
427 3530 582 3614 exempla,
613 3548 685 3612 quae
709 3531 807 3596 attuli
840 3532 938 3597 huius
961 3531 1089 3597 dicendi
1123 3531 1264 3613 generis,
1289 3547 1400 3612 quam·

222 3653 327 3718 quam
350 3637 513 3716 permulta
537 3637 601 3702 alie
638 3655 829 3704 enumerare
851 3656 992 3722 possum,
1018 3637 1168 3704 sufficere
1204 3641 1293 3719 puto,
1330 3655 1401 3701 010-

232 3749 320 3809 10100
344 3761 441 3823 porro
466 3743 613 3810 Velleius
635 3744 784 3810 imitatus
807 3749 868 3827 001,
893 3762 965 3810 cum
988 3747 1109 3811 multas
1124 3744 1400 3831 interrogationes

222 3849 414 3932 ‘multasque
436 3851 691 3918 exclamationes
715 3852 854 3918 orationi
889 3852 1037 3918 inseruit.
1062 3857 1197 3918 exstant
1220 3852 1401 3932 interroga-

229 3957 348 4022 tiones:
398 3961 522 4039 1.16,4.
557 3963 685 4039 2422.
721 3963 815 4042 253,
853 3965 881 4026 2.
911 3965 939 4025 2.
954 3964 1037 4042 752.
1080 3964 1229 4042 2.111,4.
1276 3963 1402 4024 2122.

226 4069 347 4130 2129.
371 4069 520 4148 21302.
543 4065 796 4131 exclamationes
822 4071 848 4132 1.
863 4072 923 4146 72.
940 4073 977 4132 2.
1002 4071 1087 4148 28,3.
1111 4072 1140 4130 2.
1154 4071 1238 4148 522.
1263 4068 1402 4150 2.106,1

225 4173 260 4236 2.
276 4174 381 4254 114,1.
394 4189 452 4236 nec
459 4171 589 4236 silentio
601 4173 863 4254 praetereundum
876 4180 926 4240 est
942 4173 1094 4256 hocloco,
1108 4172 1404 4255 quotiesOonjunc·

230 4277 334 4342 tivum
357 4277 501 4343 Periecti
535 4279 681 4359 posuerit
704 4279 867 4360 Velleius,
903 4279 959 4344 ubi
983 4277 1023 4343 de
1047 4297 1106 4344 sua
1129 4278 1297 4344 sententia
1321 4278 1404 4345 iudi·

224 4385 329 4467 cavit,
361 4400 426 4465 qua
449 4402 490 4448 ex
512 4402 549 4449 10
565 4384 743 4450 urbanitas
768 4384 915 4466 quaedam
944 4389 1043 4466 atque
1078 4384 1236 4450 modestia
1271 4401 1403 4466 cognos-
