3224 5050
317 1615 512 1724 Quicunque
532 1637 566 1702 in
590 1638 695 1702 literis
717 1637 832 1704 latinis
855 1643 1009 1704 uersatus
1025 1639 1148 1707 liberae
1166 1643 1214 1708 rei
1238 1645 1390 1724 publicae

213 1745 388 1825 scriptores
405 1745 607 1826 comparabit
621 1763 693 1809 cum
708 1743 760 1826 iia,
778 1745 834 1824 qui
858 1746 1034 1812 Caesarum
1057 1749 1260 1828 temporibus
1285 1751 1386 1816 libros

214 1857 472 1933 composuerunt,
508 1869 660 1932 magnum
686 1851 859 1916 discrimen
882 1851 969 1916 inter
992 1871 1047 1917 eos
1070 1853 1228 1920 interesse
1252 1860 1284 1919 et
1308 1855 1383 1921 illos
1484 1845 1488 1858 ’

211 1959 323 2024 multis
358 1961 456 2024 rebus
490 1957 541 2023 his
576 1965 744 2039 praestare
779 1957 875 2024 facile
911 1965 1092 2040 cognoscet.
1125 1979 1221 2040 quam
1253 1961 1385 2027 obrem

211 2066 273 2131 viri
306 2067 391 2131 docti
423 2065 664 2146 comparatione
693 2071 838 2130 aetatum
869 2083 940 2130 curu
970 2066 1111 2131 metallis
1141 2067 1238 2147 tacta,
1264 2067 1389 2147 optimo

210 2173 280 2238 iure
308 2192 435 2253 semper
468 2191 610 2253 auream,
641 2189 723 2250 quae
755 2172 886 2256 dicitur,
921 2177 1067 2237 aetatem
1100 2173 1234 2254 linguae
1258 2175 1384 2240 latinae

119 2327 121 2331 -
211 2281 252 2343 ab
274 2287 430 2360 argentea
447 2282 666 2344 sacraverunt.
691 2283 789 2358 atque
812 2279 1005 2344 recentioris
1029 2280 1185 2360 temporis
1210 2281 1385 2362 scriptores

210 2385 373 2451 Romanos
389 2386 478 2466 ipsos
501 2405 565 2450 non
589 2384 722 2466 fugisse,
748 2387 894 2468 linguam
918 2403 1010 2451 suam
1034 2387 1177 2467 priorum
1204 2406 1276 2453 esse
1301 2395 1388 2468 post-

210 2494 402 2576 ponendam,
419 2494 515 2558 testis
540 2498 591 2558 est
607 2491 741 2573 Seneca,
759 2494 814 2573 qui
837 2494 869 2556 in
894 2493 1036 2574 epistula
1060 2495 1236 2559 centesima
1262 2495 1392 2560 decima

210 2609 327 2682 quarta
360 2601 479 2666 aetatis
508 2619 587 2666 suae
619 2599 769 2664 vitiosam
795 2607 828 2665 et
862 2606 1048 2681 corruptam
1073 2601 1227 2680 loquendi
1252 2621 1386 2668 consue·

209 2709 356 2774 tudinem
385 2709 561 2789 vituperat.
597 2707 661 2772 iam
687 2707 918 2787 quaerentibus
942 2708 1046 2788 nobis,
1072 2707 1189 2787 quibus
1214 2709 1320 2774 causis
1344 2711 1388 2774 sit

208 2818 348 2899 tactum,
381 2825 417 2881 ut
450 2815 560 2881 studia
592 2815 761 2880 literarum
790 2820 889 2892 atque
921 2813 993 2893 ipsa
1024 2813 1136 2895 lingua
1166 2813 1384 2880 Romanorum

209 2922 367 3004 paulatim
398 2923 431 2986 in
462 2923 605 2986 deterius
628 2925 844 3004 mutarentur,
870 2919 959 2984 nulla
983 2919 1086 2984 maior
1109 2921 1262 2999 occurrit,
1288 2939 1384 2999 quam

210 3030 315 3110 ipsum
348 3030 520 3094 (laesarum
557 3029 735 3108 imperium.
773 3043 848 3090 nam
891 3045 963 3091 cum
1004 3033 1102 3092 antea
1134 3045 1218 3091 uirus
1247 3026 1388 3107 quisque

207 3143 313 3202 totum
344 3153 379 3201 se
409 3136 456 3200 rei
484 3135 632 3214 publicae
657 3133 815 3214 dedisset,
847 3149 956 3197 omnes
981 3151 1075 3197 curas
1100 3150 1277 3212 omnesque
1301 3133 1389 3215 cogi*-

209 3247 353 3310 tationes
379 3243 582 3310 adsalutem
607 3243 677 3307 eius
702 3241 903 3324 contulisset,
939 3239 1283 3320 administrandaequc
1307 3238 1387 3304 civi·

207 3354 287 3418 tatis
316 3361 442 3433 partem
471 3351 624 3431 cepisset,
651 3356 719 3413 tum
752 3367 815 3413 uno
839 3352 1005 3412 tractante
1029 3365 1096 3412 rem
1121 3346 1294 3429 publicam,
1319 3347 1385 3411 iam

207 3477 271 3523 non
300 3469 371 3525 erat
397 3461 488 3525 locus
519 3456 769 3523 benemerendi
794 3455 833 3520 de
856 3455 974 3535 patria.
998 3459 1124 3520 remota
1147 3453 1252 3535 igitur
1275 3453 1385 3518 condi·

207 3566 308 3648 cione,
342 3585 404 3646 qua
427 3565 531 3632 Roma
560 3565 637 3629 urbs
669 3565 778 3628 orbem
810 3570 973 3626 terrarum
1005 3560 1040 3624 in
1068 3565 1264 3641 potestatem
1290 3575 1384 3624 suam

205 3673 390 3755 redegerat,
420 3673 547 3754 imperii
571 3670 708 3736 Romani
741 3685 817 3748 opes
841 3669 993 3748 uiresque
1016 3667 1050 3731 in
1075 3665 1144 3731 dies
1167 3665 1273 3747 magis
1296 3664 1387 3729 fran-

204 3782 238 3864 gi
262 3797 397 3846 neccsse
421 3779 533 3860 tuisse,
559 3777 632 3859 quis
656 3785 706 3843 est
731 3775 807 3855 quin
831 3771 1024 3855 intelligat?

311 3887 405 3954 Adde
427 3885 511 3967 quod
527 3886 673 3966 plerique
695 3884 927 3964 imperatorum
952 3879 1120 3946 civitatem
1144 3877 1305 3943 servitute
1328 3897 1387 3958 op·-

204 4015 350 4076 pressam
370 3998 527 4060 tenebant
545 3997 578 4057 et
594 3992 623 4056 si
639 4009 733 4072 quem
757 3989 860 4053 libere
884 3987 1082 4068 cogitantem
1106 3991 1205 4063 atque
1228 3991 1380 4065 agentem

203 4101 360 4184 viderent,
378 4121 442 4167 non
466 4100 661 4166 dubitabant
684 4115 757 4162 eum
774 4095 971 4161 interimere.
996 4109 1166 4174 quaecum
1189 4089 1237 4155 ita
1261 4094 1385 4172 essent,

203 4209 278 4274 lieri
314 4229 377 4274 non
413 4215 551 4290 poterat,
588 4206 665 4287 quin
688 4204 837 4286 Romani,
875 4201 991 4268 remoti
1019 4219 1038 4264 a
1062 4196 1204 4279 negotiis
1228 4196 1379 4279 publicis,

203 4315 347 4383 desidiae
385 4317 599 4396 luxuriaeque
637 4333 672 4379 se
710 4312 866 4377 dederent
904 4315 938 4374 et
968 4307 1168 4373 amalorum
1197 4305 1385 4371 virtutibus.

203 4425 430 4493 desciscerent.
