3224 5050
743 455 922 516 ...36-

213 674 218 685 ·
240 645 364 711 tudinis
385 643 543 724 oausa3in
556 647 674 712 bonam
698 651 806 713 autem
829 650 956 728 partem
980 645 1064 712 dixit
1098 652 1128 713 2.
1141 651 1217 726 98,4
1251 646 1424 729 principos.

240 752 307 817 viri
330 752 507 819 adhortatu
529 752 686 835 principis
709 762 744 818 at
768 753 945 819 ornandam
969 754 1082 822 urbem
1105 753 1207 818 illecti
1230 759 1317 820 sunt.

346 875 480 960 implere
500 877 634 959 ponitur
655 895 715 958 pro
737 882 916 960 praestare,
939 877 1101 958 perficere.
1126 880 1155 942 2.
1169 880 1244 961 95,3
1279 878 1422 960 implere

239 1004 412 1051 censorem.
436 985 475 1051 ci.
499 986 573 1050 Tac.
597 986 681 1049 Anu.
706 989 781 1066 3,53
806 984 942 1065 implere
966 984 1078 1050 munia
1101 1002 1170 1049 sua.

346 1109 507 1194 lmpalare
535 1127 595 1190 pro
631 1109 809 1192 assignare,
842 1109 1027 1174 adscribere
1066 1112 1100 1173 et
1135 1111 1205 1174 iere
1227 1109 1262 1174 in
1293 1110 1412 1175 malam

238 1224 365 1300 partem
397 1217 485 1298 apud
516 1222 692 1296 argenteae
719 1217 840 1282 aetatis
871 1215 1046 1297 scriptores
1069 1216 1157 1280 solos
1181 1215 1357 1282 invenitur.
1383 1223 1411 1281 2.

237 1329 313 1406 23,4
343 1325 371 1389 si
383 1325 457 1405 quis
468 1325 529 1388 hoc
540 1322 720 1389 rebellandi
743 1329 873 1404 tempus
884 1322 1294 1407 imputatathoniensibus,
1318 1324 1411 1389 nimi·

234 1450 306 1496 rum
329 1432 402 1497 veri
425 1431 665 1511 vetustatisque
687 1430 823 1512 ignarus
847 1435 907 1496 est.

342 1535 450 1602 Nitere
480 1547 531 1604 est
554 1538 715 1603 translate
737 1536 863 1620 florere,
889 1536 1013 1603 clarum
1026 1555 1107 1603 esse.
1134 1539 1250 1620 1.17,1
1276 1538 1414 1619 subpari

233 1650 342 1711 aetate
359 1646 472 1710 nitere.
486 1651 515 1710 2.
529 1649 580 1727 9,1
606 1644 717 1710 eodem
730 1650 840 1709 tractu
863 1647 1045 1725 temporum
1068 1644 1241 1710 nituerunt
1263 1651 1411 1711 oratores

235 1751 341 1832 Scipio
365 1761 424 1817 etc.

341 1857 522 1925 Notareost
544 1858 688 1924 breviter
710 1863 856 1940 tangere,
882 1875 1141 1924 commemorare.
1166 1863 1283 1941 2.10,2
1319 1865 1409 1924 note-

232 1969 287 2030 tur
305 1965 469 2031 Domitiae
493 1964 635 2030 familiae
668 1963 819 2030 felicitas.
855 1967 973 2046 2.1],3
997 1964 1133 2030 Caecilae
1167 1963 1225 2050 (sc.
1248 1963 1413 2049 familiae)

232 2073 377 2138 notanda
400 2080 451 2136 est
475 2071 643 2137 claritudo.
986 2053 994 2076 '

339 2177 524 2242 Praedicare
548 2179 635 2259 apud
666 2178 853 2244 Ciceronem
883 2178 970 2243 idem
1005 2184 1057 2244 est
1090 2197 1129 2244 ac
1162 2181 1407 2262 praenuntiare,

231 2288 434 2369 denuntiare,
473 2286 632 2366 iudicere;
664 2286 751 2368 apud
782 2285 945 2352 Velleium
975 2287 1105 2366 proprie
1133 2291 1184 2352 est
1207 2292 1306 2352 antea
1337 2288 1412 2355 sive

229 2395 321 2475 prius
341 2394 458 2460 dicere.
471 2393 510 2458 oi.
528 2400 564 2458 ut
576 2393 798 2474 praediximus
824 2397 949 2475 1.12,1.
976 2398 1102 2477 1.15,4.
1126 2398 1253 2475 2122.
1278 2401 1306 2460 2.
1320 2401 1408 2477 21,4.

231 2501 369 2582 saepius.
395 2501 582 2582 praedictus
607 2506 636 2565 2.
656 2505 757 2584 107‚1.

337 2604 549 2672 Praescribam
580 2608 694 2673 eadem
724 2606 853 2672 ratione
877 2612 929 2672 est
952 2611 1030 2672 ante
1053 2625 1113 2672 seu
1138 2607 1228 2688 prius
1252 2610 1409 2676 scribere.

229 2720 344 2796 2.21,1
370 2720 408 2779 ut
430 2714 709 2796 praescripsimus.

336 2819 539 2884 Prooamiere
576 2840 639 2887 vox
677 2821 836 2903 imprimis
867 2819 971 2900 poetis
1003 2820 1191 2903 familiaris,
1223 2841 1243 2886 a
1274 2823 1408 2891 Velleio.

228 2930 391 2994 translate
408 2929 555 2995 sumitur.
580 2931 699 3011 2.16,4
733 2927 887 2994 fluentem
911 2928 1239 3009 procumbentemque
1261 2947 1330 2995 rem
1354 2949 1415 3013 po-

226 3036 296 3118 puli
321 3035 461 3102 Romani
484 3035 669 3101 restituere.

335 3139 500 3206 Praestare
529 3161 561 3204 aa
590 3161 691 3208 aurea
723 3146 834 3207 aetate
863 3159 1039 3221 numquam
1069 3141 1101 3207 in
1135 3142 1253 3208 malam
1277 3149 1406 3224 partem

227 3251 353 3316 dicitur.
387 3249 532 3314 Velleius
562 3255 672 3315 autem
705 3248 785 3314 dicit
815 3254 843 3313 2.
857 3253 932 3330 21,1
977 3266 1013 3313 se
1041 3249 1175 3314 dubium
1203 3250 1409 3332 mediumque

229 3356 379 3438 partibus
403 3362 580 3436 praestare.

336 3459 498 3545 Protepera
513 3462 676 3528 translate
701 3468 752 3528 est
764 3463 869 3528 celare
882 3469 912 3528 2.
928 3466 1022 3544 100‚5
1056 3461 1235 3542 nequitiam
1260 3465 1402 3544 superci-

227 3570 270 3635 lio
282 3569 367 3635 truci
379 3573 560 3651 protegere.
574 3569 614 3634 cf.
637 3568 748 3652 Quint.
772 3574 824 3652 8‚1
861 3569 1032 3651 parricidii
1056 3568 1292 3636 immanitatem
1316 3576 1411 3638 metu-

226 3677 350 3743 maiore
372 3680 553 3758 protegere.

335 3781 504 3847 liecarrere
524 3781 649 3863 tropice
664 3787 781 3848 exstat.
799 3789 827 3847 2.
839 3787 894 3865 4,6
924 3782 1063 3849 decessit
1085 3800 1171 3848 anno
1194 3781 1297 3850 terme
1319 3784 1408 3851 LVI.

226 3890 267 3955 de
298 3909 361 3970 quo
385 3889 412 3955 si
437 3889 509 3970 quis
534 3889 690 3972 ambigat,
714 3897 864 3955 recurrat
887 3909 906 3954 a
930 3890 1070 3971 priorem
1094 3890 1164 3956 eius
1187 3892 1410 3957 consulatum..

334 3993 469 4081 Sippara
499 3996 630 4078 proprie
653 4001 706 4063 est
729 3996 858 4079 signum
881 3997 1085 4078 imprimere3
1109 3997 1185 4062 inde
1208 3997 1333 4064 variam
1350 3998 1406 4062 ha-

224 4107 281 4171 bet
296 4104 575 4186 significationem.
605 4121 663 4185 pro
688 4103 869 4187 ostendere,
894 4103 1057 4183 explicare
1070 4107 1409 4184 usurpaturtantum·

225 4213 318 4278 modo
355 4229 376 4276 a
421 4211 666 4278 recentioribus,
729 4212 811 4277 Vell.
847 4215 995 4294 2.115,1
1032 4208 1120 4289 quali
1145 4209 1294 4276 adiutore
1316 4211 1416 4293 lega»

225 4330 325 4401 toque
354 4318 458 4384 fratre
488 4336 561 4384 meo
594 4318 703 4400 Magio
737 4318 849 4384 Celere
870 4317 1039 4383 Velleiano
1065 4333 1143 4382 usus
1166 4317 1220 4400 sit,
1244 4318 1416 4399 amplissi-

224 4445 347 4494 morum
372 4427 530 4492 honorum
553 4425 662 4508 signat
686 4425 848 4491 memoria.
872 4424 921 4488 ita
944 4423 1076 4504 saepius
1100 4423 1210 4506 Quint.
