3224 5050
741 405 919 466 ..23-

349 595 549 662 06662626
580 587 890 682 (ἅπαξλεγόμενον)
915 595 988 662 Adi.
1003 614 1044 662 ,a
1079 595 1259 660 caeruleus.
1296 598 1427 675 2632·

240 707 384 771 Plancus
409 724 481 769 cum
505 705 710 772 caeruleetus
734 709 767 768 et
790 703 898 768 nudus
922 701 1082 768 Glaucum
1107 703 1271 766 saltasset.

347 810 517 890 infestatus
540 813 629 877 Part.
643 813 684 876 ab
708 809 875 876 infestare.
902 809 1205 893 attelanensis
1230 827 1268 873 ac
1281 807 1417 888 praeda·

241 921 387 985 tionibus
410 919 603 984 infestatum
627 937 726 984 mare.
1330 975 1333 980 .

347 1025 557 1109 inimitabilis,
582 1045 677 1106 quem
699 1026 823 1090 imitari
845 1043 910 1089 nou
941 1041 1121 1104 possumus.
1147 1029 1176 1088 2.
1196 1029 1269 1105 79,3
1293 1041 1419 1087 morum

242 1139 330 1197 certe
363 1132 498 1197 dulcedo
528 1151 567 1196 ac
602 1151 662 1213 par
690 1131 740 1196 sui
773 1131 958 1196 aestimatio
982 1130 1189 1195 inimitabilis
1213 1129 1316 1195 tuisse
1341 1129 1424 1194 dici·-

244 1245 307 1304 tur.
332 1238 474 1323 (Quint.)
771 1305 773 1309 ,
931 1325 933 1330 ι

356 1343 480 1429 laquies
518 1346 603 1411 idem
628 1353 678 1410 est
707 1349 806 1425 atque
837 1344 1011 1424 inquietus.
1042 1351 1069 1410 2.
1093 1347 1167 1427 68,3
1199 1344 1251 1410 vir
1281 1344 1424 1424 inquies,

244 1459 273 1523 2.
292 1459 367 1534 77,2
392 1453 528 1518 animus.
555 1453 651 1537 (Plin.
675 1450 765 1537 Tac.)

350 1556 545 1622 Lacernulos
573 1560 820 1641 participiorum
849 1577 937 1624 more
971 1557 1418 1640 alaoe1·naefiictns,idem

245 1685 283 1732 ac
314 1667 446 1730 lacerna
469 1666 612 1731 indutus.
649 1672 868 1748 2.10,3.cum
899 1665 1033 1730 inermis
1056 1673 1090 1730 et
1112 1665 1300 1733 lacernatus
1324 1669 1422 1730 esset.

242 1773 381 1838 Iuvenal
409 1778 435 1837 1.
454 1779 505 1839 62.
530 1774 617 1839 Suet.
642 1775 740 1838 Nero.
765 1779 817 1838 28.

351 1895 453 1960 Proca
468 1897 602 1984 (oratio)
622 1905 648 1963 1.
668 1905 741 1980 17,3
759 1899 940 1979 protectum
957 1915 1075 1979 prosae
1091 1898 1295 1978 eloquentiae
1312 1898 1430 1964 decus..

244 2006 283 2070 ct.
300 2004 410 2088 Quint.
430 2010 478 2069 lo.
501 2008 523 2069 1.
541 2025 570 2070 6.
585 2005 666 2070 med.
683 2005 766 2070 Gell.
794 2007 932 2088 12.12,2
957 2004 1044 2085 apud
1068 2005 1255 2070 Ciceronem
1270 2006 1422 2071 invenies

244 2114 342 2179 etiam
378 2113 412 2176 iu
447 2131 544 2192 prosa
579 2113 726 2177 oratione
762 2112 931 2194 quaedam,
968 2131 1008 2177 ex
1044 2112 1162 2192 quibus
1207 2117 1266 2177 etc.
1302 2113 1378 2178 inde
1401 2131 1425 2176 a

244 2220 371 2287 Velleio
397 2219 536 2312 saepius.
655 2254 659 2262 ·
697 2253 702 2264 ·
796 2253 802 2264 ·
843 2255 847 2264 =

352 2341 565 2408 Sacerdotula.
582 2349 610 2408 2.
627 2348 729 2424 12461
754 2343 834 2407 mihi
857 2342 1001 2423 fretique
1025 2363 1095 2408 meo
1118 2344 1264 2424 proxime
1287 2364 1308 2408 a
1331 2345 1423 2409 nobi-

244 2452 378 2519 lissimis
410 2470 448 2516 ac
479 2451 736 2516 sacerdotalibus
759 2450 840 2515 viris
864 2451 1021 2515 destinari
1044 2452 1249 2532 praetoribus
1274 2453 1426 2535 contigit.

243 2561 327 2626 Pliu.
344 2579 392 2640 ep.
410 2565 438 2622 7.
451 2563 502 2622 24.
526 2558 718 2638 saepissime
741 2557 858 2622 deinde
881 2558 969 2639 apud
991 2577 1100 2623 rerum
1124 2559 1420 2624 ecclesiasticarum

246 2668 441 2748 scriptores..

352 2771 547 2844 Sabrefcctus
572 2762 676 2853 (ἅπαξ
707 2766 904 2856 λεγόμενον)
935 2771 1152 2853 Participium
1183 2775 1224 2838 ab
1262 2772 1422 2838 inusitato

244 2879 423 2962 snbreficcre
472 2883 525 2943 est
574 2878 779 2960 aliquantum
828 2877 981 2944 refectus,
1021 2885 1169 2962 2.123,2
1216 2879 1425 2946 snbrefectus

240 2987 349 3068 primo
374 2987 540 3066 adspectu.

353 3092 575 3172 Comparativi
607 3097 641 3157 et
669 3093 879 3175 Superlativi,
905 3093 959 3174 qui
983 3093 1070 3174 apud
1095 3093 1254 3159 Velleium
1281 3095 1424 3175 primum

242 3199 457 3265 inveniuntur
480 3203 573 3263 sunt:

243 3305 488 3372 convenientior
517 3309 543 3370 1.
567 3311 651 3389 13,5.
664 3305 858 3387 flagrantior
883 3311 1007 3388 2.48,3.
1031 3305 1229 3372 moderatior
1265 3314 1420 3391 21263.

242 3413 386 3496 pressius
416 3415 567 3494 2.129,3.
598 3414 730 3493 pronior
754 3420 782 3477 2.
797 3419 881 3495 69,6.
894 3412 1124 3478 61166116611666
1151 3420 1179 3478 2.
1194 3420 1279 3496 842.
1298 3415 1423 3481 caeles·

240 3521 388 3586 tissimus
413 3527 441 3586 2.
465 3525 549 3601 66,3.
574 3526 603 3585 2.
624 3523 728 3600 11142.
745 3519 1074 3585 convenientissimus
1100 3525 1128 3585 1.
1143 3527 1204 3593 63.
1230 3522 1433 3587 6666611661--

239 3646 312 3693 mus
343 3633 459 3711 2.52,3.
484 3627 754 3691 distractissimus
784 3631 940 3708 2.114,1.
969 3626 1245 3694 eminentissimus
1271 3635 1300 3695 1.
1337 3633 1410 3711 12,3

240 3735 639 3816 2.17‚3.a22,aa43,3.
663 3733 790 3814 arna.
816 3736 935 3815 atas.
960 3736 1081 3808 atas.
1106 3737 1249 3816 arona
1267 3738 1412 3817 airus.

240 3840 522 3907 excellentissimus
547 3842 574 3903 2.
587 3844 673 3921 41,1.
698 3840 937 3905 excelsissimus
954 3847 983 3906 2.
997 3847 1081 3923 963.
1106 3845 1135 3904 2.
1152 3845 1236 3923 22,1.
1262 3847 1412 3924 2.101,1.

169 3999 175 4007 .
240 3953 269 4014 2.
287 3951 395 4029 114,4.
418 3945 678 4028 fulgentissimus
692 3952 720 4010 2.
740 3951 822 4028 71,1.
847 3953 876 4012 2.
891 3951 965 4029 64,3
978 3947 1251 4013 honoratissimus
1275 3951 1305 4014 2.
1330 3953 1414 4031 76,1.
1492 3947 1494 3952 ’

237 4053 542 4135 impatientissimus
555 4059 584 4118 2.
601 4053 920 4134 manumissurus.
935 4054 1252 4138 reassumimus
1269 4061 1298 4120 2.
1314 4058 1422 4140 131,2.
1480 4093 1482 4098 -

240 4160 541 4228 verecundissimus
567 4163 595 4225 2.
610 4166 695 4243 33,3.

345 4267 566 4348 Comparativi
598 4273 632 4334 et
666 4268 867 4349 Superlativi
899 4269 950 4334 vis
982 4273 1122 4350 augetur
1146 4269 1235 4350 apud
1257 4269 1423 4335 Velleium

236 4374 394 4441 adverbio
430 4375 525 4458 loapc,
562 4373 596 4440 id
626 4376 712 4455 quod
739 4375 816 4440 inde
845 4394 866 4439 a
896 4374 991 4442 Livio
1021 4375 1178 4442 usitatius
1208 4393 1280 4443 esse
1303 4378 1435 4458 coepit·-
