3224 5050
705 439 883 498 -26-

312 633 463 698 Omnium
479 638 589 696 autem
613 630 783 696 civitatum
807 627 1057 710 exemph'ssatis
1068 629 1235 709 probatur,
1260 627 1380 690 artium

206 741 316 807 studia
332 739 444 822 vigere
459 739 563 802 libera
587 757 621 802 re
644 737 784 818 publica,
804 737 913 818 ‚iacere
937 735 1088 799 libertate
1112 739 1232 814 erepta.
1256 733 1379 814 itaque,

207 848 289 912 utin
320 865 356 912 re
384 845 514 925 publica
541 855 574 910 et
602 845 636 908 in
666 844 809 909 moribus
832 845 1051 908 Romanorum
1074 841 1156 905 nihil
1178 841 1285 905 inerat
1308 841 1380 904 sani

203 962 306 1036 atque
333 952 471 1033 robusti,
501 952 548 1015 ita
571 952 605 1014 iu
629 951 735 1015 litems
759 945 887 1038 quoque
909 948 1061 1014 sanitatis
1085 947 1140 1013 ille
1164 949 1260 1027 color,
1285 966 1380 1028 quem

211 1062 245 1125 in
270 1060 432 1145 prioribus
456 1058 664 1133 admiramur,
689 1039 1058 1148 paulatim‘euanuer·at.
1082 1055 1174 1120 venit
1198 1053 1276 1118 mihi
1300 1053 1382 1118 illud

205 1167 335 1232 ¹Solonis
350 1166 384 1230 in
399 1172 554 1230 mentem:
587 1157 604 1224 ὁ
632 1158 727 1241 λόγος
750 1157 886 1225 εἴδωλόν
910 1159 976 1224 doro
1010 1164 1074 1224 τῶν
1092 1157 1209 1244 ἔργων,
1227 1167 1261 1226 et
1272 1162 1382 1226 Plato·

207 1275 272 1340 nis:
305 1281 372 1343 οῐος
395 1265 524 1350 ὁλόγος
539 1273 687 1342 τοιοῦτος
710 1263 727 1332 ὁ
750 1265 881 1353 τρόπος.
924 1287 1005 1349 quae
1029 1269 1058 1334 si
1082 1288 1159 1334 vera
1183 1269 1270 1333 dicta
1294 1274 1381 1344 suut,

207 1383 339 1462 linguae
353 1381 475 1445 latinae
487 1379 645 1460 imprimis
661 1378 750 1442 illam
766 1384 947 1457 temporum
963 1377 1171 1456 iniquitatem
1188 1375 1381 1440 detrimento

208 1507 280 1555 esse
311 1505 444 1552 necesse
473 1493 552 1551 erat.
585 1505 623 1550 ac
646 1504 681 1550 re
705 1504 785 1550 vera
807 1485 936 1548 laborat
959 1489 1116 1565 argentea
1139 1483 1197 1546 illa
1221 1487 1311 1546 aetas
1336 1481 1382 1545 vi·

208 1597 294 1660 tiosa
310 1600 343 1659 et
359 1599 511 1672 corrupta
526 1593 680 1674 loquendi
697 1591 930 1656 consuetudiue
946 1592 1019 1656 etsi
1035 1590 1241 1670 requirimus,
1266 1589 1381 1669 quibus

209 1703 243 1767 iu
274 1703 371 1766 rebus
400 1703 439 1765 ab
464 1701 653 1780 incorrupta
685 1699 779 1762 latini
803 1698 960 1762 sermonis
994 1691 1383 1778 iutegritate‘ahhorreat

110 1845 113 1856 ν
210 1814 243 1874 et
272 1807 389 1888 quibus
415 1806 618 1887 potissimum
650 1807 778 1870 lahorat
808 1805 908 1888 vitiis,
932 1806 997 1869 tria
1019 1805 1177 1886 imprimis
1200 1803 1384 1868 invenimus

210 1933 293 1998 quae
317 1914 380 1996 ipsi
403 1932 530 1995 quoque
557 1913 721 1994 aequales,
745 1931 818 1976 cum
843 1911 973 1978 minime
997 1931 1051 1976 eos
1075 1911 1261 1992 eflugerent,
1276 1927 1384 1988 repre-

212 2023 404 2086 henderunt.

318 2147 367 2212 Ac
390 2146 529 2226 primum
561 2145 700 2226 quidem,
730 2164 800 2210 oum
826 2145 1011 2226 quicrurque
1034 2144 1135 2208 hieros
1160 2142 1384 2224 componebat,
1464 2193 1466 2197 .

210 2253 399 2342 ingeniosus
420 2252 532 2318 haberi
549 2257 583 2317 et
600 2257 718 2318 ornatu
733 2253 907 2318 verborum
923 2254 1118 2334 languentes
1135 2251 1387 2328 fastidiososque

210 2361 336 2426 animos
368 2360 551 2440 aequalium
584 2359 645 2424 sibi
671 2358 844 2423 conciliare
867 2359 983 2440 vellet,
1020 2359 1143 2440 species
1169 2357 1325 2438 quaedam
1350 2373 1389 2418 ac

212 2486 328 2548 pompa
373 2466 602 2547 adhibebatur,
638 2465 741 2530 oratio
774 2472 883 2530 autem
919 2466 1107 2546 saepissime
1143 2465 1388 2536 obscurabatur,

211 2573 348 2656 accedit,
373 2591 445 2638 cum
469 2590 579 2638 omnes
602 2572 712 2636 rerbIs
736 2571 907 2651 exquisitis
931 2571 1110 2653 studerent,
1135 2570 1235 2634 nimia
1260 2570 1317 2632 illa
1341 2567 1389 2630 in·

213 2681 302 2748 soliti
318 2679 515 2745 consectatio
532 2685 565 2742 et
584 2694 753 2760 poetarum
769 2677 918 2761 imitatio,
944 2678 1061 2760 quibus
1085 2675 1225 2742 maxime
1252 2675 1389 2741 delecta·

214 2790 342 2854 bantur.
359 2786 444 2868 quod
459 2787 576 2852 vitium
601 2785 822 2868 Quintilianus
846 2803 973 2866 quoque
988 2783 1250 2865 sapientissimus
1273 2781 1388 2846 tellum

213 2913 322 2960 rerum
350 2893 565 2977 existimator,
597 2893 782 2975 vituperat:
828 2893 882 2958 lib.
900 2891 992 2958 VIII.
1015 2892 1159 2956 Prooem.
1185 2896 1237 2956 24.
1283 2887 1391 2972 „Nom

213 3007 258 3066 esi
288 2999 368 3085 qnod
388 3006 466 3064 recte
488 2997 551 3064 dici
570 3006 677 3084 potest,
700 3000 897 3064 circumimus
920 3018 1022 3064 amore
1044 2997 1224 3062 aeriorum:
1246 3004 1289 3076 ei,
1312 2992 1391 3081 qaod

214 3127 276 3172 eac
307 3106 393 3172 cerdo
417 3113 519 3191 palei,
545 3105 692 3190 pluribus
715 3126 896 3172 camaenas:
919 3114 955 3190 ei,
980 3105 1063 3192 quod
1086 3107 1164 3170 sotis
1188 3102 1305 3170 dicium
1327 3107 1371 3166 est
1381 3149 1391 3182 ,

214 3216 394 3299 repetimus:
424 3221 451 3278 ei
481 3214 627 3299 pleraque
649 3213 825 3299 si'paificare
853 3215 962 3280 melius
980 3220 1130 3298 potamos
1136 3261 1147 3294 ,
1170 3231 1263 3296 qaum
1286 3209 1392 3273 dicere.

219 3321 316 3406 qaid?
354 3320 435 3406 qaod
457 3320 536 3386 nihil
569 3322 634 3384 eom
655 3323 824 3405 propriam
855 3321 969 3404 placei,
1003 3318 1079 3384 deoc
1112 3339 1225 3403 porum
1256 3315 1395 3381 creditae

217 3427 369 3494 disertam
375 3477 385 3508 ,
406 3427 487 3512 qaod
499 3434 527 3492 ei
541 3429 625 3492 alias
648 3427 802 3492 dixisset?
813 3448 834 3490 a
857 3427 1088 3512 corruptissimo
1104 3445 1218 3512 qaoque
1229 3431 1393 3509 pociorem

213 3535 339 3620 fiporas
372 3555 426 3600 eeu
449 3535 666 3600 troostocioeoe
688 3541 881 3611 mactamur,
904 3540 970 3598 ium
992 3531 1115 3598 deinum
1137 3531 1291 3616 inperatori
1312 3531 1393 3595 scili·

217 3649 272 3724 cei,
301 3645 329 3706 si
359 3642 401 3707 od
431 3641 645 3726 incaeperim
671 3661 727 3707 aes
759 3661 834 3725 opas
864 3643 905 3704 cii
927 3641 1079 3725 {aanor
1103 3621 1168 3722 qua
1191 3641 1225 3705 in
1248 3658 1285 3706 re
1306 3638 1394 3704 haud

218 3751 312 3832 parvi
326 3750 481 3815 momenti
492 3750 658 3816 rhetorum
674 3750 806 3814 scholae
821 3748 1096 3828 recitationesque
1113 3752 1217 3814 erant.
1232 3750 1394 3813 summota

219 3857 305 3924 enim
329 3856 498 3924 occasione
520 3856 569 3922 rei
593 3857 742 3936 publicae
765 3855 982 3921 moderandae
1005 3855 1133 3921 dicendi
1157 3855 1201 3936 vi,
1236 3853 1308 3918 fieri
1330 3870 1396 3916 non

197 3985 198 3989 ¹
219 3968 359 4046 poterat,
380 3963 457 4042 quin
470 3962 655 4042 eloquentia
669 3961 879 4029 vanissimam
895 3962 928 4028 in
948 3962 1199 4028 ostentationem
1215 3978 1251 4026 se
1264 3976 1397 4024 conver·

220 4075 305 4136 teret
321 4075 355 4136 et
381 4069 520 4136 Romani
543 4087 608 4136 nou
631 4074 699 4134 tam
722 4088 821 4138 verae
845 4069 1047 4136 declamandi
1070 4067 1190 4134 rationi
1214 4066 1395 4146 studerent,

222 4197 355 4258 quama
378 4175 515 4257 simplici
540 4181 573 4240 et
597 4175 711 4241 subtili
735 4175 864 4241 dicendi
887 4193 1008 4258 genere
1031 4175 1222 4258 abailenati,
1249 4173 1396 4240 oratione

220 4285 322 4352 altius
342 4288 543 4366 exaggerata
567 4289 747 4366 uterentur,
772 4283 806 4348 id
830 4281 914 4364 quo'd
938 4299 977 4347 eo
1000 4281 1105 4364 magis
1128 4281 1170 4346 ad
1193 4298 1398 4362 corrumpen-

224 4392 297 4456 dam
320 4391 467 4471 linguam
492 4389 627 4454 latinam
651 4389 765 4473 valuit,
802 4388 888 4470 quod
912 4407 1004 4454 nemo
1028 4407 1132 4469 neque
1156 4388 1270 4454 doctus
1293 4403 1398 4467 neque
