3224 5050
742 452 920 513 ..31-

347 644 621 707 Arctorcmeatum
634 648 663 707 2.
680 647 764 723 28,3.
789 649 819 708 2.
835 649 919 727 66,3.
943 645 1065 711 dicitur
1086 646 1258 727 speciatim
1272 646 1312 712 de
1336 667 1418 713 mer-

239 753 326 834 cede,
344 769 428 833 quae
444 750 585 816 dabatur
608 749 845 831 gladiatoribus
868 751 911 816 ad
934 751 1100 818 iaciendos
1124 753 1218 819 ludos
1242 753 1418 820 conductis.

238 860 386 926 Velleius
395 858 875 940 ceteriquereoentiorisaetatis
884 859 1061 939 scriptores
1069 880 1127 945 pro
1136 880 1328 942 quocunque
1336 881 1418 926 com-

238 967 332 1034 modo
364 972 422 1032 aut
449 965 594 1046 praemio
624 965 686 1030 hac
716 984 796 1032 voce
820 971 968 1032 utuntur.
993 973 1022 1032 2.
1036 971 1110 1048 28,3
1135 969 1169 1033 in
1193 987 1259 1050 qua
1282 968 1418 1034 civitate

237 1074 419 1157 petulantis
450 1072 589 1138 convicii
620 1072 777 1138 iudicium
808 1073 962 1139 histrioni
985 1093 1025 1140 ex
1049 1076 1124 1140 albo
1148 1075 1298 1140 redditur
1320 1076 1354 1140 in
1379 1094 1418 1140 ea

237 1181 380 1265 iugulati
404 1179 485 1245 civis
515 1169 654 1246 Romani
677 1180 807 1261 publice
842 1182 1105 1248 constituebatur
1128 1187 1416 1248 auctoramentum.

346 1322 494 1405 Consum,
533 1322 618 1403 quod
655 1323 787 1404 proprie
823 1329 874 1388 est
907 1341 1026 1388 munus
1062 1341 1232 1390 censorum
1264 1323 1318 1409 (cf.
1350 1325 1416 1391 Cic.

235 1433 366 1498 Invent.
400 1437 426 1495 1.
440 1433 491 1495 30.
523 1430 616 1496 Ovid.
646 1431 737 1495 Fast.
763 1435 878 1496 6.647.
902 1449 1001 1512 agere
1025 1429 1220 1514 censuram.)
1245 1451 1264 1496 a
1287 1432 1416 1498 Velleio

236 1540 397 1606 translate
420 1537 540 1604 dicitur
555 1557 612 1619 pro
636 1537 927 1620 iudici0.examine
951 1545 979 1604 2.
994 1541 1068 1621 36,3
1093 1539 1241 1605 vivorum
1265 1542 1303 1602 nt
1326 1557 1416 1618 mag·

236 1665 279 1711 na
295 1644 466 1709 admiratio
482 1644 531 1710 ita
547 1663 685 1710 censura
701 1645 843 1710 difficilis
860 1654 922 1712 est.
945 1646 1056 1712 ecdem
1072 1664 1169 1712 sensu
1193 1650 1304 1710 exstat
1327 1646 1416 1726 apud

235 1751 317 1818 Gall.
348 1758 421 1834 12,2
449 1751 557 1818 facere
585 1771 756 1818 censuram
787 1753 827 1818 de
850 1752 983 1835 ingenio
1007 1759 1040 1818 et
1063 1753 1196 1834 scriptis
1220 1751 1307 1834 alcjs.
1331 1753 1416 1818 Plin.

242 1865 290 1925 14.
307 1865 391 1936 alo.

341 1982 529 2067 Corfinium,
555 1984 640 2063 quod
662 1984 750 2064 apud
774 1983 962 2056 Ciceronem
985 1987 1036 2048 est
1059 1982 1134 2048 finis
1158 1985 1228 2050 sive
1249 1986 1413 2052 terminus

232 2091 374 2173 plurium
412 2109 563 2172 agrorum
587 2089 789 2172 communis,
813 2091 974 2156 translate
1007 2089 1128 2156 dicitur
1156 2110 1175 2155 a
1204 2093 1331 2158 Velleio
1374 2094 1416 2159 de

234 2199 380 2277 qualibet
419 2198 599 2264 vicinitate.
636 2204 664 2263 2.
686 2202 780 2277 ].24,1
813 2198 847 2262 in
879 2215 976 2276 quam
1004 2202 1077 2262 arto
1106 2199 1223 2264 salutis
1254 2200 1415 2280 exitiique

234 2303 391 2370 fuerimus
415 2305 566 2392 confinio,¹
587 2322 693 2386 neque
716 2305 797 2370 mihi
821 2304 1002 2384 exprimere
1025 2309 1132 2386 vacat,
1157 2323 1218 2370 nec
1241 2311 1300 2372 etc.

343 2427 491 2509 Confusio
522 2429 683 2495 translate
721 2429 861 2496 sumitur
896 2447 955 2508 pro
991 2429 1239 2510 perturbatione
1268 2435 1407 2512 2.124,1

233 2555 317 2618 quae
344 2545 477 2602 senatus
508 2537 696 2619 trepidatio,
728 2555 811 2616 quae
839 2536 949 2617 populi
973 2536 1132 2600 contusio!
1164 2536 1239 2600 inde
1270 2538 1415 2617 saepius..

232 2643 273 2707 cf.
298 2639 372 2708 TacI
396 2645 471 2710 hist.
497 2649 572 2726 3,38
597 2645 679 2709 Plin.
703 2645 825 2724 Paneg.
849 2649 900 2708 86.

339 2765 535 2851 Contemptus
564 2767 696 2848 ponitur
727 2787 747 2831 a
771 2767 934 2846 prioribus
946 2767 1080 2846 passiva
1102 2767 1239 2832 ratione.
1265 2767 1409 2846 (Lucret.

231 2880 260 2940 3.
274 2880 325 2940 65.
342 2874 437 2940 Ovid.
460 2875 537 2940 Met.
561 2883 590 2940 8.
605 2880 681 2940 859.
694 2875 775 2940 Caes.
799 2875 835 2940 B.
860 2873 898 2940 G.
923 2880 952 2939 2.
967 2873 1033 2956 30.)
1057 2874 1168 2938 activa
1190 2878 1299 2948 exstat
1323 2875 1413 2955 apud

228 2982 312 3047 Vell.
349 2986 474 3046 26113
512 3000 617 3061 neqrre
652 2982 680 3046 is
712 2986 784 3046 erat
807 2987 1013 3061 contemptus
1043 2981 1100 3046 sed
1123 2987 1236 3047 metus.
1270 2981 1309 3046 cf.
1333 2983 1412 3047 Tac.

233 3088 351 3170 dialog.
377 3095 427 3154 29.
453 3094 658 3169 contemptus
683 3089 734 3152 sni
758 3089 930 3168 alienique,
1023 3157 1027 3166 ,

335 3210 475 3298 Dipcstio
490 3219 583 3278 aetus
601 3212 780 3294 digerendi,
794 3212 990 3278 distributio.
1019 3212 1101 3276 Vell.
1126 3218 1155 3276 2.
1169 3214 1244 3292 53,4
1269 3210 1412 3292 digestio

230 3337 399 3384 annorum.
431 3321 540 3387 Cicero
565 3325 644 3384 orat.
678 3322 706 3384 3.
728 3323 779 3384 53.
803 3319 844 3383 ad
867 3317 924 3383 fin.
949 3326 1099 3400 numerat
1122 3319 1336 3400 digestionem
1360 3318 1412 3382 in·-

224 3431 282 3499 ¹ter
313 3426 435 3508 figuras
467 3426 649 3493 rhetoricas
680 3432 714 3491 et
745 3425 875 3491 videtur
905 3424 1099 3505 intellegere
1129 3425 1341 3506 partitionem
1373 3429 1408 3487 et

232 3533 505 3600 distributionem.
542 3531 681 3616 digestio
713 3539 884 3615 praeterea
907 3536 958 3598 est
983 3531 1047 3596 cibi
1072 3530 1261 3596 distributio
1286 3535 1411 3594 stoma·

227 3642 285 3706 cho
310 3641 438 3720 excepti
460 3642 495 3706 in
519 3660 621 3707 venas
645 3646 679 3706 et
702 3641 846 3709 membra
869 3638 1021 3718 corporis.

331 3762 485 3828 Excessus
515 3763 601 3846 apud
632 3764 695 3830 Cic.
737 3763 960 3828 tantummodo
989 3761 1029 3826 de
1059 3766 1165 3826 morte
1196 3763 1393 3840 usurpatur,

224 3873 313 3954 apud
340 3872 501 3938 Velleium
525 3877 558 3936 et
581 3871 779 3951 posteriores
803 3876 854 3936 est
877 3874 970 3934 actus
994 3866 1179 3934 excedendi.
1206 3869 1321 3946 1.15,1
1346 3882 1404 3930 ne·

224 3998 287 4060 que
314 3978 390 4045 dum
426 3978 593 4044 Hannibal
624 3977 660 4041 in
689 3977 791 4042 ltalia
821 3980 977 4056 moratur,
1005 3991 1112 4054 neque
1140 3970 1297 4054 proximis
1325 3975 1402 4050 post

225 4104 394 4152 excessum
418 4087 488 4152 eius
511 4085 606 4151 annis
630 4089 689 4149 etc.
938 4069 941 4076 ¹

329 4207 506 4292 Vestigium
532 4208 662 4291 proprie
685 4214 737 4274 est
760 4225 930 4287 cacumen3
953 4205 994 4272 ct.
1019 4205 1082 4271 Cic.
1106 4208 1186 4269 orat.
1211 4207 1239 4266 3.
1252 4204 1294 4265 46
1320 4199 1407 4280 capi·

222 4317 302 4384 tolii
317 4314 493 4397 lastigium.
509 4315 656 4382 Velleius
672 4315 836 4380 translate
859 4314 961 4380 sumit
983 4310 1154 4394 fastigium
1179 4307 1219 4373 de
1244 4306 1408 4388 dignitate

220 4425 355 4505 altoque
382 4421 533 4488 fortunae
564 4426 664 4488 statu.
691 4427 720 4488 l.
734 4425 808 4505 ll,6
843 4419 1025 4502 principale
1048 4417 1082 4482 in
1105 4412 1287 4496 republica
1312 4410 1406 4477 iasti-
