3224 5050
714 438 889 500 ..49-

319 629 459 696 Proinde
490 631 695 712 particulam,
732 647 830 712 quarn
869 629 984 711 optimi
1023 630 1199 710 scriptores
1226 647 1387 711 nusquam

197 741 276 806 nnisi
291 740 325 805 in
341 739 570 806 adhortatione
587 738 696 804 autin
720 737 962 817 comparatione
986 736 1215 820 adhibuerunt,
1242 737 1388 804 Velleius

197 846 277 912 alia
292 863 419 927 quoque
441 847 569 911 ratione
592 845 711 926 posuit.
736 847 764 909 2.
778 847 854 926 37‚4
877 844 1012 925 proinde
1036 842 1235 929 (deswegen)
1260 863 1386 910 omnem

210 955 276 1020 sibi
291 954 345 1018 vel
360 953 531 1018 adversam
547 952 601 1019 val
623 951 798 1018 secundam
821 951 984 1020 torturam
1008 951 1210 1017 tolerabilem
1234 950 1388 1016 futuram.

320 1075 503 1155 Quaestio
527 1094 562 1143 so
586 1077 674 1160 weit,
697 1077 732 1141 in
749 1095 783 1142 so
807 1076 888 1142 fern.
913 1079 941 1141 2.
956 1079 1030 1160 372
1054 1077 1212 1158 Tigranes
1236 1095 1294 1141 rer
1317 1076 1388 1142 eius

159 1245 161 1260 ‚
210 1184 380 1269 ,temporis
403 1184 467 1249 nisi
491 1175 555 1264 q'ua
569 1183 699 1249 Luculli
723 1183 823 1248 armis
846 1187 917 1248 erat
939 1182 1108 1265 intractus,
1134 1183 1388 1264 potentissimus.

209 1292 260 1356 lta
283 1292 472 1373 plerumque
495 1290 692 1356 recentiores
715 1290 801 1354 banc
824 1289 1017 1370 particulam
1041 1281 1250 1354 admiserunt.

320 1414 452 1494 Quando
476 1413 517 1499 (:
540 1413 591 1497 da,
607 1413 705 1500 weil).
723 1420 751 1480 2.
767 1420 839 1498 14,1
853 1418 922 1479 turn
936 1432 1112 1480 conversus
1124 1414 1226 1480 Drusi
1249 1415 1386 1497 enimus,

213 1523 339 1604 quando
355 1524 438 1588 bene
461 1523 677 1603 inceptamale
715 1522 882 1588 cedebant.
909 1527 936 1586 2.
951 1526 1038 1602 52,’6.,
1062 1518 1134 1604 (pro
1159 1522 1287 1602 quando
1308 1523 1387 1586 Hal-

212 1631 297 1695 mius
334 1634 368 1694 et
390 1629 534 1694 Hessius
562 1649 654 1713 quum
684 1627 765 1713 quod
793 1629 857 1710 legi
889 1625 1027 1710 volunt.)
1059 1630 1121 1693 hac
1149 1627 1389 1711 significatione

200 1737 342 1818 ‹ouando
369 1736 531 1817 particula
562 1735 649 1817 apud
677 1735 861 1802 Ciceronem
898 1741 951 1801 ter
980 1739 1097 1802 exstat.
1122 1734 1298 1818 (propriam
1321 1736 1388 1801 vim

104 1932 106 1935 .
214 1846 315 1909 habet
337 1844 425 1924 apud
447 1839 531 1909 Vell.
547 1849 584 1914 ,2.
598 1845 682 1924 53‚2.
707 1845 736 1907 2.
751 1841 871 1928 126,3.)

320 1949 476 2030 Quicum
498 1969 558 2032 pro
574 1951 651 2031 quia
674 1950 819 2015 invenies
843 1949 930 2029 apud
947 1949 1032 2014 solos
1055 1954 1232 2030 argenteae
1243 1948 1389 2014 latinita-

209 2061 257 2125 tis
288 2047 471 2139 scriptores.
496 2058 578 2124 Veli.
604 2049 633 2124 2.
651 2061 727 2140 68,4
761 2062 923 2137 quotenus
946 2060 1058 2122 autem
1081 2055 1206 2136 aliquid
1229 2075 1269 2122 ex
1294 2057 1390 2122 omis·

190 2167 260 2233 sis
283 2171 404 2246 repeto.
428 2163 575 2250 (propria
598 2157 836 2246 significatione
858 2166 969 2228 exstat
993 2161 1162 2247 2.114,3.)

322 2271 385 2350 Quo
404 2272 489 2336 idern
506 2276 556 2336 est
572 2291 610 2336 ac
633 2288 760 2352 quoque
783 2270 824 2334 iis
847 2269 936 2351 locis,
961 2269 1079 2349 quibus
1102 2288 1174 2334 cum
1197 2270 1294 2336 hodie
1317 2269 1390 2336 adv.

211 2377 422 2445 coniunctum
453 2385 512 2444 est.
541 2377 581 2463 (z
608 2379 692 2444 nooh
725 2375 838 2460 heuto)
878 2380 981 2458 1.4,2.
1012 2381 1046 2442 et
1076 2382 1103 2443 3.
1135 2382 1161 2442 1.
1179 2379 1260 2460 11,3.
1285 2383 1314 2441 2.
1327 2381 1390 2460 8,3.

212 2490 343 2567 2.25,4.
388 2492 416 2551 2.
431 2489 514 2570 27,5.
551 2489 678 2568 2.61,’3.
713 2487 840 2568 2.81,2.
875 2485 1001 2566 assa.
1038 2481 1094 2568 (cl.
1131 2484 1280 2566 Draeger
1313 2484 1390 2550 hist.

211 2593 340 2674 syntax
362 2593 405 2658 Il.
428 2614 458 2675 p.
482 2591 550 2678 43.)
1144 2621 1146 2626 ·

320 2719 376 2784 pue
391 2702 503 2767 eodem
525 2701 619 2767 modo
636 2718 699 2781 quo
723 2705 751 2764 et
772 2701 1024 2767 transitionibus
1047 2699 1199 2782 inservit,
1224 2697 1304 2764 cum
1322 2717 1390 2765 sae-

212 2807 346 2886 pissime
374 2808 546 2872 enuntiata
568 2827 625 2890 quo
647 2808 904 2887 particularum
928 2806 1196 2872 antecedentibus
1217 2806 1390 2873 coniuncta

203 2913 291 2978 ..sint
315 2912 354 2978 ct.
379 2916 507 2995 2.65‚2.
531 2920 559 2977 2.
574 2916 658 2994 662.
682 2920 712 2977 2.
725 2921 810 2997 626.
836 2917 963 2996 2872.
987 2920 1016 2980 2.
1032 2917 1136 2994 109‚3.
1161 2912 1300 2993 saepius.

319 3037 375 3103 que
411 3037 484 3084 cum
515 3019 671 3099 quasdam
706 3022 893 3098 pronomine
928 3019 1022 3105 (occ.)
1061 3021 1267 3086 coniunctum
1302 3019 1391 3101 apud

213 3121 376 3192 Velleium
404 3126 507 3191 solum
529 3126 671 3195 inveniri
695 3127 843 3212 Draeger
873 3128 1055 3194 confirmat.
1080 3127 1168 3211 (hist.
1193 3125 1321 3207 syntax
1344 3127 1389 3192 H.

212 3253 244 3315 p.
263 3231 329 3318 35.)
353 3232 428 3318 (hae
450 3233 699 3314 compositiones
722 3235 904 3314 particulae
927 3252 990 3316 quc
1017 3241 1051 3300 et
1073 3233 1273 3316 pronominis
1295 3234 1389 3298 relat.

212 3341 310 3408 facile
333 3360 405 3406 curn
429 3341 554 3426 quisquo
585 3341 785 3420 pronominis
808 3341 921 3406 dormis
957 3341 1111 3407 confundi
1135 3345 1286 3421 possunt:
1322 3339 1391 3420 qui·

211 3465 277 3528 que
301 3449 427 3530 1.11,3.
444 3455 472 3514 2.
487 3453 572 3532 20,5.
596 3450 745 3514 2.113.1.
770 3453 919 3531 2.117,3.
943 3449 1100 3529 cuiusque
1124 3453 1152 3512 2.
1167 3448 1250 3527 96,1.
1274 3447 1391 3528 cuique

212 3561 243 3620 2.
259 3558 342 3636 35,1.
366 3555 517 3636 quodque
542 3558 570 3620 2.
586 3557 702 3636 113‚2.,

320 3679 376 3744 quo
406 3679 464 3741 pro
494 3667 583 3745 oipuo
609 3663 772 3742 particula
794 3663 944 3743 sequitur
967 3681 1077 3729 vocem
1101 3662 1234 3743 pariter.
1270 3663 1300 3724 2.
1313 3665 1389 3744 41,3

213 3774 249 3834 et
282 3767 406 3848 pariter
443 3767 483 3832 iis
521 3769 640 3832 terrori
669 3769 936 3850 venerationique
966 3775 1061 3834 esset.
1094 3773 1233 3849 2.120,6
1266 3769 1391 3847 pariter

212 3874 382 3958 sanguinis
406 3874 596 3953 cerebrique
619 3873 752 3940 effluvio
776 3875 950 3956 exspirare.

319 3979 469 4046 Protinus
497 3978 624 4064 (sotori,
654 3977 815 4066 sogleioh)
846 3981 922 4048 iude
950 4001 969 4047 a
997 3983 1094 4049 Livio
1122 3983 1156 4047 in
1180 4001 1242 4050 usu
1263 3981 1390 4048 ‚versari

214 4089 330 4168 coepit.
353 4090 436 4154 Veli.
461 4095 491 4155 2.
506 4091 612 4171 104,3.
1168 4151 1174 4161 ,
1453 4167 1456 4172 ¹

320 4193 563 4282 Quoia—quoquo
603 4213 662 4276 pro
708 4196 921 4279 quia-»ctioou
959 4201 1076 4262 exstat.
1118 4198 1211 4280 1.9,2
1262 4197 1291 4260 2.
1305 4197 1390 4278 94,4.

201 4301 278 4388 ¹(ita
299 4304 396 4386 reoc.)

319 4405 455 4474 Subinde
484 4410 526 4497 (τ-
555 4409 686 4494 durani)
718 4411 833 4478 Livius
856 4411 981 4492 primus
1005 4408 1098 4491 dixit,
1122 4407 1238 4486 deinde
1260 4408 1390 4488 saepius
