3224 5050
709 421 884 484 ..58-

313 621 421 688 Affert
442 620 499 685 ille
523 620 662 701 primum
686 614 859 682 nonnullos
889 615 985 695 locos,
1010 611 1129 694 quibus
1153 609 1292 689 simplex
1316 607 1394 672 sub—

206 730 284 797 iecti
310 735 344 794 et
371 728 488 793 obiecti
513 727 599 794 ratio
623 722 858 805 quodammodo
880 723 1057 792 obscurata
1077 722 1129 784 est
1152 721 1211 782 aut
1226 714 1398 796 impedita.

208 837 248 904 of.
265 840 361 918 1.4,2
386 834 558 915 utriusque
581 832 672 899 urbis
685 829 807 895 eximia
830 847 957 910 semper
979 829 1012 892 in
1036 826 1199 892 Romanos
1216 823 1297 890 fides
1313 821 1397 887 facit

207 964 263 1011 eas
294 941 468 1008 nobilitate
501 947 600 1021 atque
632 937 829 1003 amoenitate
859 955 919 1001 sua
951 933 1165 1016 dignissimas.
1191 935 1289 1011 aad
1330 929 1395 1006 uic.

208 1070 281 1117 cunr
296 1047 655 1130 interrogantetribuno
662 1045 817 1126 Carbone,
835 1041 1014 1123 respondit.
1026 1051 1054 1106 2.
1070 1045 1155 1123 24,5.
1166 1044 1263 1122 ].2,1.
1276 1039 1391 1117 2.19,4

316 1156 424 1222 Aliam
448 1154 607 1219 sermonis
631 1152 801 1218 familiaris
826 1149 1092 1216 consuetudinem
1116 1148 1151 1212 in
1175 1166 1214 1212 ea
1237 1165 1272 1211 re
1296 1145 1395 1240 cerni,

208 1265 282 1330 vult
305 1263 464 1343 Kritzius,
488 1261 572 1340 quod
597 1261 649 1325 vel
673 1257 796 1338 aliquid
827 1256 989 1322 redundat
1014 1254 1070 1320 vel
1100 1253 1217 1335 deficit,
1249 1252 1305 1318 sed
1335 1252 1384 1316 ita

210 1376 247 1436 ut
268 1387 373 1450 neque
396 1369 454 1433 illa
478 1367 606 1432 dicendi
623 1365 716 1447 copia
731 1381 836 1444 neque
850 1365 930 1428 baec
951 1361 1214 1443 breviloquentia
1231 1358 1392 1440 appellari

207 1477 319 1558 possit.
346 1475 384 1540 ol.
399 1482 428 1540 2.
444 1479 521 1557 49,5
538 1480 576 1539 ut
592 1473 710 1538 deinde
726 1470 847 1554 spretis
863 1471 1021 1552 comibus
1039 1487 1126 1552 quae
1142 1470 1264 1535 Caesar
1280 1471 1393 1547 postu-

210 1585 349 1667 laverat,
362 1579 572 1644 lantummodo
584 1585 741 1644 concentus
753 1597 825 1643 cnm
837 1597 903 1644 una
918 1578 1046 1660 legione
1061 1576 1194 1642 titulum
1206 1575 1396 1656 provinciae

208 1691 352 1756 retinere
368 1688 522 1754 decrevit.
541 1691 570 1753 2.
586 1690 636 1770 v,7
666 1687 700 1752 in
716 1685 846 1767 legibus
863 1685 1021 1752 Graeculi
1036 1685 1125 1750 inter
1147 1682 1394 1749 sterniciosissi.

212 1816 267 1862 ma
289 1795 537 1861 numeraverim.
563 1796 681 1875 1.1o‚5
706 1812 780 1858 nam
805 1793 945 1856 alterum
970 1810 1011 1856 ex
1036 1793 1114 1875 suis,
1139 1810 1220 1872 quos
1245 1792 1277 1856 iu
1302 1790 1395 1855 lami·

210 1905 254 1969 lia
264 1904 458 1986 retinuerat,
480 1902 592 1967 liberis
605 1901 722 1966 amisit.
733 1908 782 1967 27
787 1904 827 1983 ,1.
841 1907 869 1965 2.
884 1905 944 1984 6,3.
960 1907 988 1966 2.
1003 1905 1086 1982 923.
1103 1905 1129 1964 l.
1145 1903 1251 1981 104,1.
1265 1905 1293 1964 2.
1308 1904 1394 1980 39,6.

215 2018 244 2077 a.
259 2017 334 2094 aaa
1293 1989 1297 1996 ’

320 2117 402 2182 Tum
427 2115 507 2181 dicit
530 2115 687 2181 sermonis
711 2115 882 2180 familiaris
898 2113 1043 2196 vestigia
1058 2112 1093 2178 in
1108 2115 1282 2180 verborum
1299 2114 1393 2178 collo·

214 2225 343 2290 catione
367 2241 538 2305 apparere,
563 2223 597 2287 id
621 2221 707 2302 quod
722 2241 794 2287 mea
817 2221 946 2302 quidem
970 2221 1135 2287 sententia
1166 2222 1288 2286 rectius
1319 2240 1393 2302 poe

218 2337 327 2396 tarum
350 2330 528 2394 imitationi
552 2329 721 2394 tribuitur.
755 2327 810 2412 (cf.
834 2347 934 2409 supra
947 2325 1055 2412 pili.)
1079 2331 1119 2393 ct.
1143 2333 1248 2410 2.1,3.
1276 2333 1394 2411 1.13‚4

215 2443 342 2522 ator.
368 2443 396 2503 a.
412 2438 507 2521 noo‚1
534 2443 562 2501 a.
579 2439 683 2518 rma.
709 2442 770 2502 ete.

321 2545 387 2612 Sed
410 2543 475 2610 iam
500 2543 568 2609 dixi
592 2543 742 2609 omnibus
766 2562 806 2609 ex
828 2543 880 2608 his
903 2545 1000 2608 rebus
1024 2543 1132 2609 minus
1148 2544 1306 2610 sermonis
1322 2543 1395 2609 vul-3

214 2653 305 2735 garis
330 2652 599 2718 consuetudinem
623 2668 720 2731 quam
744 2649 977 2734 testinationis,
1006 2667 1072 2731 qua
1095 2650 1242 2716 Velleius
1273 2651 1403 2716 librum.

216 2759 407 2839 composuit,
432 2758 575 2840 vestigia
598 2758 758 2839 cognosci.

320 2865 551 2948 Negligentiae
574 2870 684 2930 autem
708 2863 879 2929 familiaris
903 2864 1061 2930 sermonis
1087 2864 1295 2930 tribuendum
1320 2884 1396 2931 esse

215 2971 366 3052 equidem
396 2977 491 3052 puto,
524 2972 610 3052 quod
640 2971 786 3038 Velleius
818 2990 881 3036 non
913 2972 1011 3037 semel
1049 2972 1298 3055 prohibitivum,
1337 2973 1396 3054 qui

213 3079 347 3162 dicitur,
379 3097 451 3142 cum
482 3098 545 3142 non
575 3098 633 3160 pro
662 3098 699 3142 ne
726 3079 889 3160 particula
920 3079 1100 3160 coniunxit,
1131 3079 1166 3144 id
1189 3080 1274 3159 quod
1307 3081 1395 3162 apud

214 3201 334 3251 aureae
358 3185 478 3250 aetatis
511 3186 687 3265 scriptores
715 3186 784 3252 fere
814 3203 974 3266 nusquam
1005 3185 1162 3254 invenies.
1187 3193 1216 3252 2.
1229 3189 1282 3270 9,6
1314 3205 1404 3252 saue-

213 3311 278 3357 non
300 3292 496 3374 ignoremus.
522 3297 550 3356 2.
566 3295 639 3376 iat
676 3311 740 3357 non
764 3297 874 3356 tamen
897 3292 995 3357 buius
1019 3293 1207 3358 consulatus
1222 3293 1396 3359 mandetur

215 3398 330 3481 gloria.
355 3403 384 3463 2.
398 3404 473 3480 26,3
510 3417 575 3464 non
598 3399 715 3481 perdat
738 3399 931 3465 nobilissimi
955 3399 1035 3464 lacti
1059 3401 1195 3482 gloriam
1209 3401 1397 3482 Calpurnia.

215 3509 244 3571 2.
261 3510 357 3588 1162
382 3505 507 3599 utinam
530 3525 595 3571 non
618 3510 779 3572 testatum
803 3514 906 3586 esset.¹

330 3610 394 3677 Sed
418 3611 485 3676 alia
517 3630 646 3694 quoque
675 3620 767 3695 sunt,
800 3632 842 3678 ex
872 3614 990 3694 quibus
1021 3614 1173 3696 intellegi
1202 3619 1327 3698 potest,
1359 3613 1394 3677 in

224 3727 411 3799 corruptam
434 3719 560 3786 latinae
584 3721 717 3803 linguae
739 3719 966 3802 integritatem
988 3722 1156 3788 nonnullis
1179 3721 1214 3786 in
1235 3723 1335 3787 rebus
1358 3720 1407 3786 in.

214 3824 381 3907 quinatam
406 3843 479 3892 esse
501 3828 632 3910 vulgari
657 3847 814 3894 sermone.

323 3932 489 4013 Imprimis
513 3936 670 4002 sermonis
693 3936 865 4002 familiaris
889 3937 1057 4018 proprium
1085 3943 1146 4019 est,
1178 3938 1264 4018 quod
1294 3940 1397 4004 verba

213 4038 459 4122 frequentativa
486 4059 545 4122 pro
569 4041 772 4124 simplicibus
795 4047 943 4125 usurpat,
975 4042 1009 4109 id
1040 4044 1126 4124 quod
1158 4044 1266 4110 studio
1297 4062 1397 4126 quam

214 4143 411 4230 gravissime
434 4145 489 4213 vel
512 4145 691 4215 fortissime
714 4149 868 4230 loquendi
891 4157 1085 4216 commotum
1102 4149 1295 4217 facereeum
1312 4151 1408 4216 satis.

214 4257 351 4319 constat.
383 4251 438 4338 (cf.
469 4255 607 4322 Lorenz.
637 4256 745 4322 Plaut.
775 4257 871 4324 Most.
901 4277 932 4340 p.
946 4332 952 4344 .
965 4256 1053 4342 385.)
1090 4259 1257 4325 invenitur
1287 4263 1414 4324 autem.

214 4360 301 4443 apud
324 4361 487 4427 Velleium
510 4381 651 4446 magnus
673 4363 849 4429 verborum
871 4363 1032 4448 frequent.
1056 4383 1221 4432 numerus.
