3224 5050
720 385 894 446 ...60-..

288 639 290 648 ,
321 591 499 656 peragrare
522 573 668 640 Velleius
691 591 750 656 pro
775 575 880 640 'verbo
916 573 1097 656 deponente
1131 573 1248 656 posuit.
1272 576 1303 640 2.
1317 579 1401 658 97,4-

217 685 412 764 peragratus
435 680 539 746 omnis
563 681 668 762 partis
693 680 898 748 Germaniae.
1109 764 1111 768 ‚

321 788 374 854 Ex
405 805 553 854 sermone
575 787 703 870 plebeio
726 788 832 868 petita
862 793 940 854 sunt
964 789 1027 855 duo
1056 787 1265 854 substantiva
1295 787 1408 854 demi--

156 944 157 947 ,
214 895 341 977 nativa,
366 912 449 975 quae
482 894 625 975 plurima
658 895 691 960 in
727 895 796 962 eius
831 913 893 962 usn
927 895 1030 962 fuisso
1061 899 1205 962 oonstat:
1241 895 1398 962 cultellus

215 1007 331 1085 2.14,1
358 1002 502 1068 mamilla
527 1008 558 1067 2.
571 1004 655 1086 70,5.
687 1000 834 1088 (exstant
857 1003 945 1085 apud
973 1003 1081 1069 Plaut.
1105 1007 1139 1068 et
1169 1002 1264 1069 Varr.
1287 1002 1393 1082 solos.)
1470 1083 1472 1086 Ι

322 1109 528 1174 Pronominis
552 1108 700 1176 reflexivi
722 1127 782 1190 pro
806 1109 1063 1177 demonstrativo
1079 1127 1158 1175 usus
1181 1111 1242 1176 hoe
1265 1127 1408 1190 queque»

213 1216 282 1282 looo
314 1217 612 1282 commemorandus
635 1221 695 1301 est,
731 1217 786 1297 qui
822 1217 857 1282 in
888 1217 1020 1300 vulgari
1055 1235 1203 1283 sermone
1238 1216 1396 1284 usitatior

214 1321 315 1388 fuisse
351 1323 494 1389 videtur.
528 1320 582 1407 (of.
606 1322 749 1405 Rebling
772 1342 802 1404 p.
828 1321 886 1408 22)
922 1329 952 1390 2.
966 1325 1040 1409 56,1
1079 1322 1200 1390 Caesar
1234 1322 1398 1406 omuibus

214 1430 270 1510 qui
294 1435 408 1496 oontra
431 1448 467 1495 se
490 1448 581 1495 arma
605 1430 759 1514 tulerant,
785 1429 921 1512 ignovit

252 1575 254 1579 -
320 1537 395 1602 Huc
418 1536 559 1618 aooedit,
585 1537 671 1617 quod
694 1538 868 1603 Heumann
903 1537 955 1616 (de
978 1535 1146 1602 latinitate
1169 1536 1296 1618 plebeia
1320 1535 1410 1603 aevis

214 1643 433 1709 Ciceronianl:
465 1644 588 1710 Poioile
620 1644 681 1710 III.
703 1662 733 1724 p.
748 1641 826 1727 322)
851 1644 939 1728 dicit,
964 1643 1161 1750 particulam
1184 1627 1401 1726 tautumpuoct

213 1769 271 1833 pro
294 1751 346 1814 oia
376 1767 417 1817 ex
444 1751 646 1833 plebeiorum
675 1769 823 1817 sermone
851 1769 923 1817 esse
947 1751 1094 1832 petitam.
1118 1750 1158 1816 of.
1184 1751 1249 1818 (iic.
1262 1749 1305 1816 ad
1317 1747 1401 1816 iam*

215 1863 243 1922 2.
256 1861 298 1924 23
323 1856 365 1924 ad
380 1858 451 1924 Att.
477 1862 528 1941 15,
548 1863 633 1939 13‚7.
650 1857 742 1923 Corn.
766 1857 845 1938 Nep.
864 1861 914 1923 14.
928 1859 980 1940 6,5
997 1858 1081 1924 Vell.
1106 1859 1247 1940 2.112,1
1266 1861 1407 1924 tantum

213 1962 299 2045 quod
321 1964 470 2030 nltimam
493 1964 694 2046 imposuerat
716 1964 800 2058 bello
824 1983 954 2030 manum
978 1964 1109 2048 Caesar,
1133 1983 1206 2030 oum
1229 1969 1289 2032 eto.
