3224 5050
729 414 900 476 ..24-

216 612 245 674 2.
270 613 345 691 94,4
373 608 401 672 si
425 607 480 670 ilia
502 607 645 670 rnaiestas
667 606 799 687 privata
822 624 974 686 umquam
997 603 1108 670 luerit.
1132 606 1162 672 2.
1195 606 1291 684 129‚3
1315 620 1395 684 pace

215 715 385 780 inciastctis
417 715 486 779 eius
517 713 663 778 dixerim.
695 716 723 778 2.
756 716 830 796 96‚1
863 731 948 778 mors
981 710 1097 778 deinde
1129 711 1307 792 Agrippae,
1339 709 1395 789 qni

216 829 376 888 malacia
413 840 504 886 suam
543 822 654 886 multis
684 821 781 887 rebus
813 821 1054 900 nobilitaverat,
1087 817 1231 883 admovit
1263 817 1395 897 propius

215 930 375 999 Neronem
416 929 544 994 Caesari.
573 931 607 1012 2.Ι
635 930 731 1009 lilii
757 929 873 1007 quibus
896 921 1050 990 inventam
1073 925 1143 990 eius
1179 922 1396 1006 exaggeravit

214 1036 404 1102 honoribus!
441 1038 468 1099 2.
507 1037 601 1118 102,1
638 1051 734 1116 quem
767 1035 872 1102 veluti
906 1033 1142 1098 moderatorem
1174 1031 1312 1094 iaverdce
1335 1029 1395 1094 lilii

218 1143 271 1208 sui
294 1143 464 1222 Augustus
490 1159 563 1205 esse
586 1141 745 1206 voluerat.

325 1267 451 1347 Saepius
474 1283 583 1330 rerum
617 1265 795 1346 qualitates
825 1265 937 1330 eodem
960 1263 1054 1328 modo
1078 1282 1137 1345 per
1161 1281 1195 1327 se
1220 1269 1395 1342 ponuntur.

220 1379 246 1438 1.
279 1379 331 1455 9,6
360 1373 455 1437 Pauli
484 1373 669 1452 triumphus
697 1373 839 1437 omnium
863 1379 940 1436 ante
964 1376 1111 1436 actorum
1136 1368 1396 1451 conspirationem

219 1481 434 1562 amplitudine
450 1479 539 1546 vicit.
565 1486 596 1544 a.
621 1483 695 1562 aad
720 1479 898 1548 felicitatem
921 1477 983 1540 dici
1007 1477 1098 1543 Sulla
1120 1481 1282 1557 perpetua
1305 1474 1396 1538 ludo·

215 1606 288 1654 rum
305 1587 496 1654 circensium
512 1586 686 1651 honoravit
708 1587 870 1651 memoria.
896 1591 924 1650 2.
950 1588 1023 1666 50,3
1049 1583 1278 1661 fectiacticncra
1301 1581 1396 1646 itine-

219 1695 266 1759 ris
285 1694 354 1759 eius
371 1675 572 1773 aliquamdiu
596 1701 723 1758 morata
747 1705 797 1758 est
820 1693 975 1757 Massilia.
1000 1695 1028 1757 2.
1055 1693 1126 1772 vni
1152 1690 1306 1752 temeritas
1329 1687 1396 1772 lac-

218 1803 255 1866 ti.
286 1799 312 1864 1.
340 1803 411 1882 ll,l
436 1799 735 1880 Pseudophilippus
759 1819 779 1864 a
801 1797 959 1862 merrdccio
983 1799 1156 1864 simulatae
1181 1796 1316 1877 originis
1341 1789 1406 1875 ap»

217 1909 368 1990 peilatus.
399 1905 452 1991 (cl.
476 1907 550 1972 Tac.
582 1906 666 1971 Ann.
699 1905 1025 1988 15‚38ignisvento
1050 1906 1135 1970 citus
1158 1902 1396 1986 longitudinem

218 2014 296 2079 circi
332 2013 496 2094 corripuit.
528 2013 598 2078 Liv.
628 2014 725 2093 28,ὶῖ
755 2012 847 2076 illum
878 2013 1020 2092 equitem
1048 2029 1106 2075 sex
1134 2009 1260 2074 dierum
1289 2009 1395 2089 spatio

218 2120 453 2186 transcurrisse
474 2118 711 2200 longitudinem
736 2117 878 2202 Italiae.)

699 2318 838 2429 caput
870 2311 920 2405 H.

328 2512 493 2580 Orationis
517 2529 634 2594 genere
651 2511 685 2574 in
709 2511 896 2576 universum
917 2509 1086 2592 explicato,
1112 2510 1263 2591 deinceps
1287 2512 1398 2577 viden-

220 2622 296 2687 dum
319 2624 378 2702 est,
404 2619 522 2699 quihus
545 2619 654 2684 verbis
677 2619 800 2698 primus
824 2617 868 2681 sit
891 2636 969 2682 usus
997 2618 1150 2682 Velleius
1274 2612 1277 2619 ’

328 2724 469 2807 Repperi
494 2731 603 2790 autem
626 2727 706 2790 haec
730 2725 948 2790 substantiva:

329 2849 559 2914 Consummctio
597 2870 655 2931 pro
689 2850 903 2931 perlectione,
928 2851 1130 2916 absolutionc
1160 2855 1188 2916 2.
1224 2855 1325 2935 116,4
1370 2853 1401 2916 A

220 2959 367 3024 Licinius
394 2959 501 3022 Nerva
525 2957 667 3022 Silianus
691 2956 964 3022 consummatione
994 2966 1125 3024 evectae
1148 2959 1182 3023 in
1205 2959 1399 3024 altissimum

221 3072 457 3148 paternumque
491 3065 661 3146 lastigium
700 3063 851 3146 imaginis
875 3063 1020 3139 defectus
1044 3070 1101 3130 est.
1125 3066 1236 3131 eadem
1273 3064 1399 3148 signifi·

221 3175 349 3240 catione
376 3176 485 3236 exstat
507 3174 642 3237 verbum
675 3171 761 3251 apud
785 3171 893 3236 Senes.
916 3172 1042 3237 Brevit.
1065 3173 1162 3238 vitae.
1190 3175 1220 3238 l.
1243 3171 1353 3255 Quint.
1379 3176 1397 3234 2

225 3284 307 3363 18,2.
332 3279 453 3345 Colum.
476 3279 569 3343 Plim
594 3280 712 3343 ambos.

331 3403 527 3468 Conuersaiio
543 3408 593 3470 est
609 3403 816 3486 cousuetudo,
833 3401 1048 3488 familiaritas,
1067 3405 1243 3470 conmotus.
1257 3408 1285 3469 2.
1303 3409 1397 3489 102,3

221 3531 281 3578 nec
301 3511 405 3577 defuit
421 3511 623 3578 conversatio
640 3511 804 3574 hominum
819 3511 902 3576 vitia
918 3511 987 3575 eius
1003 3511 1223 3576 assentatione
1242 3513 1398 3578 alentium

221 3617 346 3704 (Senec.
370 3620 443 3683 Tac
467 3617 591 3702 Quint.)

329 3739 518 3819 Ecsultutio,
552 3748 643 3807 actus
667 3741 852 3806 exsultandi
891 3747 919 3806 2.
957 3744 1055 3825 104,4
1090 3748 1229 3810 atvero
1258 3745 1398 3808 militurn

222 3855 398 3931 conspectu
422 3851 491 3914 eius
513 3850 641 3915 elicitae
657 3848 775 3932 gaudio
798 3849 959 3933 lacrimae,
981 3851 1197 3932 alacritasque
1220 3856 1254 3917 et
1278 3853 1399 3918 saluta·
1469 3907 1471 3912 ,

223 3959 322 4024 tionis
339 3977 423 4024 nova
439 3957 597 4038 quaedam
614 3956 788 4021 exsultatio
801 3953 853 4041 (cf.
869 3957 952 4022 Plin.
966 3963 995 4022 8.
1012 3961 1100 4040 80,l.
1118 3957 1227 4041 Quint.
1246 3965 1274 4024 2.
1289 3957 1397 4043 2,la.).

335 4062 497 4128 Ordinatio
527 4081 585 4144 pro
613 4063 840 4147 dispositione,
872 4063 1109 4131 distributione.
1135 4069 1163 4130 2.
1195 4069 1295 4148 124,3
1324 4071 1399 4146 post

223 4172 365 4238 reditum
393 4172 480 4237 caelo
504 4176 630 4251 patrem
652 4170 792 4250 primum
819 4169 1046 4250 principalium
1073 4171 1142 4236 eius
1177 4189 1310 4252 operum
1333 4171 1398 4238 fuit

227 4280 399 4345 ordiniatio
415 4279 617 4344 comitiorum
633 4277 730 4351 (Plin.
748 4296 786 4357 ep
804 4282 833 4344 9.
846 4279 897 4342 28.
921 4278 1007 4343 Suet.
1024 4277 1108 4360 Aug.
1134 4281 1184 4343 31.
1201 4280 1295 4345 Nero.
1320 4281 1396 4363 40.).

333 4385 476 4450 Patr-otio
504 4392 554 4452 est
570 4383 709 4468 effectio,
731 4382 886 4464 perfectio
903 4384 1047 4467 alcjsrei.
1062 4387 1089 4450 2.
1108 4389 1187 4469 98,2
1199 4387 1277 4452 belli
1290 4393 1398 4468 patra-
