3224 5050
719 430 897 490 ..27-

198 617 379 684 meridiem
403 616 476 682 sita.
506 624 647 704 2.126,3
679 620 837 701 quidquid
867 621 1046 687 meridiano
1078 627 1136 688 aut
1169 625 1393 706 septentrione

208 725 326 791 finitur
349 723 387 790 cf.
412 725 495 790 Plin.
521 731 549 790 7.
563 731 637 808 2,17
662 726 697 790 in
720 726 910 792 meridianis
933 728 1057 794 Indiae.

317 833 368 898 De
399 833 680 899 substantivorum
711 833 798 914 apud
831 833 994 900 Velleium
1025 851 1088 901 usu
1126 837 1206 902 haec
1244 837 1393 904 addenda

201 943 296 1004 sunt.
319 940 422 1004 verba
446 937 594 1022 antiqua,
615 940 733 1021 quibus
745 939 891 1006 Velleius
915 959 995 1006 usus
1018 946 1077 1024 est,
1103 947 1182 1008 sunt
1196 943 1286 1009 haee.

317 1042 503 1108 Dominiom
524 1064 581 1126 pro
606 1046 837 1128 dominatione,
858 1045 1002 1128 imperio.
1033 1053 1062 1114 2.
1075 1052 1152 1131 80,4
1182 1067 1291 1116 rerum
1320 1069 1394 1116 sua·

208 1171 284 1218 rum
308 1151 428 1235 (Varro
451 1152 490 1217 R.
513 1153 552 1219 R.
582 1151 659 1237 2,6.)

319 1257 466 1342 Repimea
489 1265 519 1324 2.
531 1264 607 1341 812
633 1259 750 1350 classis
775 1258 873 1344 (Eun.
890 1258 1036 1345 Lucret.)

318 1366 495 1446 Antiquior
524 1365 629 1430 forma
659 1365 956 1449 substantivorum,
989 1385 1072 1447 quae
1103 1372 1223 1434 exeunt
1252 1369 1286 1433 in
1319 1367 1393 1432 todo

210 1475 265 1540 vel
287 1479 334 1536 toa
357 1473 502 1554 syllabas
526 1473 634 1539 estin
657 1471 740 1539 todo.
764 1474 852 1555 apud
875 1473 1015 1553 optimos
1044 1475 1222 1556 scriptores
1253 1475 1392 1556 pierum-

204 1599 274 1662 one
296 1580 464 1646 invenitur
486 1579 591 1646 torma
613 1581 647 1646 in
663 1587 724 1646 tas.
748 1580 895 1646 Velleius
910 1580 1001 1646 illam
1018 1581 1187 1661 antiquam
1202 1581 1391 1662 praeferens

208 1688 291 1753 dicit
314 1687 475 1760 claritudo
506 1693 534 1752 2.
561 1691 796 1770 11,3.2.17,2.
821 1693 851 1754 2.
866 1692 974 1772 130,1.
1009 1687 1218 1752 necessitudo
1253 1694 1283 1753 2.
1308 1695 1393 1774 50,1.

213 1795 370 1860 celsitudo
395 1799 423 1860 2.
437 1799 522 1876 94,2.

319 1901 464 1967 Duorum
487 1901 771 1967 substantivorum
795 1919 901 1983 genus
926 1900 1092 1981 discrepat
1115 1900 1201 1982 apud
1229 1901 1392 1966 Velleinm

197 2009 250 2072 ab
274 2009 396 2089 optima
418 2007 572 2089 loquendi
595 2006 840 2073 consuetudine:
865 2005 958 2070 linter
980 2005 1051 2072 iere
1074 2005 1233 2072 ferninimi
1262 2009 1392 2090 generis

203 2121 268 2200 est,
286 2116 458 2181 masculini
473 2115 696 2181 tantummodo
710 2113 797 2195 apud
808 2113 927 2180 Tibull.
944 2119 975 2198 2,
990 2117 1075 2198 5,34.
1091 2118 1125 2180 et
1140 2114 1216 2180 Vell
1242 2121 1271 2180 2.
1287 2119 1393 2197 107,2.

193 2220 272 2285 --dies
280 2227 333 2288 est
347 2221 494 2288 feminini
507 2222 636 2304 generis
656 2225 684 2286 2.
700 2225 783 2305 18,2.
801 2227 830 2288 2.
843 2223 929 2301 21,1.
942 2225 971 2284 2.
985 2225 1070 2304 27,3.
1086 2221 1119 2286 2.
1131 2224 1219 2304 423.
1236 2223 1265 2286 2.
1280 2221 1390 2303 103,4.

207 2347 303 2394 masc.
327 2348 398 2412 gen.
424 2332 550 2411 2.76‚6.
575 2331 603 2393 2.
619 2331 703 2410 29,2.
722 2330 749 2392 2.
769 2331 855 2410 8111.
880 2329 1031 2411 2.11-2,7.
1056 2325 1109 2412 (cf.
1133 2327 1259 2410 Reisig.
1294 2327 1390 2410 Ling.

209 2437 282 2502 Lat.
307 2437 349 2502 ed
370 2437 482 2502 Haase
504 2457 534 2517 p.
561 2441 633 2501 148.
657 2435 766 2500 adnot.
793 2434 880 2518 168.)

315 2543 457 2608 Formae
480 2561 561 2624 quas
573 2543 681 2607 rarius
697 2542 842 2624 reperies
856 2541 944 2622 apud
956 2544 1083 2606 ceteros
1101 2541 1290 2624 scriptores,
1304 2547 1390 2606 sunt:

316 2650 415 2714 classi.
428 2651 500 2716 Abi.
516 2668 575 2730 pro
592 2650 703 2714 classe.
721 2650 749 2712 2.
766 2649 849 2731 792.
867 2645 986 2732 (classe
1002 2647 1135 2727 scripsit
1149 2647 1232 2712 Veii.
1250 2654 1279 2713 2.
1294 2654 1311 2712 7
1316 2649 1390 2730 9,1.)

316 2757 387 2840 iper
410 2758 483 2823 Abl.
499 2773 557 2838 pro
581 2755 660 2838 igni.
685 2761 714 2820 2.
733 2754 841 2836 125,4.
863 2749 977 2819 melior
989 2760 1024 2819 et
1035 2753 1189 2819 usitatior
1212 2758 1265 2820 est
1287 2753 1392 2819 forma

203 2862 289 2946 ⁴ipat,
313 2882 407 2943 quam
433 2881 559 2944 quoqne
582 2862 776 2928 invenimus
801 2868 830 2927 2.
845 2864 930 2945 74,4.

320 2971 375 3034 ioci
386 2990 443 3051 pro
463 2971 529 3032 ioco
553 2976 582 3052 2,
597 2974 682 3053 67,4.
694 2970 753 3033 loci
767 2987 826 3050 pro
850 2967 915 3032 loeo
930 2973 957 3033 1.
970 2972 1033 3052 4,6.
1059 2973 1210 3051 2.107,3.
1234 2975 1262 3034 2.
1279 2972 1389 3050 losa.

207 3083 242 3144 a.
257 3083 361 3160 mar.

311 3183 412 3268 plebei
434 3182 542 3249 Genit.
567 3187 706 3266 2.111,3
730 3181 855 3247 tribuni
878 3180 993 3262 plebei.

318 3293 420 3357 cerole
443 3309 500 3373 pro
516 3289 638 3373 plurali
654 3306 787 3354 numero
810 3289 946 3371 mroioes,
971 3306 1066 3370 quern
1086 3288 1201 3369 optimi
1216 3288 1392 3369 scriptores

207 3387 721 3480 semperusurpaverunt.aaa.
746 3401 775 3462 a.
790 3401 852 3480 aa.
877 3401 1006 3477 aean
1030 3401 1060 3460 a.
1076 3400 1159 3478 voa.
1195 3393 1250 3479 (11.
1277 3394 1391 3478 111111.

201 3511 265 3590 8,8
290 3506 451 3572 cervicem
475 3505 608 3570 videtur
631 3502 829 3568 Hortensius
852 3503 978 3583 primns
1006 3500 1137 3584 dixisse,
1162 3520 1238 3567 nam
1263 3506 1392 3568 veteres

210 3611 384 3694 pluraliter
407 3609 641 3695 appellabant.)

319 3701 400 3784 baec
412 3718 623 3784 substantiva
634 3720 802 3783 abstracta
813 3700 959 3780 Velleius
982 3714 1109 3796 primus
1125 3714 1245 3795 plurali
1256 3733 1392 3781 numero

210 3825 339 3907 posunt:

320 3933 488 4016 emporus.
527 3937 685 4014 21232.
724 3930 878 3994 aeaeae
901 3935 930 3996 2.
954 3932 1040 4012 33,4.
1071 3928 1236 4012 emptiones
1260 3931 1395 4011 2.81,3.

210 4035 457 4133 immolationes
481 4042 634 4124 11114.
1233 4021 1237 4030 '

321 4271 508 4355 Adiectiva,
543 4270 661 4354 quibus
695 4268 844 4336 Velleius
878 4267 1004 4350 primns
1041 4265 1171 4331 videtur
1205 4283 1285 4332 usus
1320 4284 1392 4333 esse

202 4377 343 4460 repperi
366 4377 462 4444 baec:
