3224 5050
667 507 668 510 ,
762 456 936 516 —18-

255 613 1440 730 mmmmmmmaffimmwmmw

257 763 406 837 raptores
429 755 567 822 Italicae
591 754 756 820 libertatis
780 754 857 835 lupi.

364 879 500 964 Scapula
520 886 599 946 sunt
614 879 709 945 liberi
736 877 864 962 (Horat.
882 880 986 946 Carm.
1003 884 1034 945 4.
1052 884 1137 963 8,41.
1161 877 1226 944 Ars
1250 884 1335 958 poet.
1360 883 1440 943 898..

256 987 355 1069 Verg.
386 987 467 1052 Aen.
501 993 529 1052 6.
562 991 636 1052 836.
666 986 783 1052 Tibull.
814 991 841 1051 1.
871 985 1436 1070 c,66.).Vell.1.10,5qnaevox

257 1093 360 1160 veluti
377 1095 507 1159 oraculo
524 1093 643 1159 emissa
659 1113 778 1176 magna
793 1098 890 1175 parta
906 1112 979 1159 eum
1002 1093 1156 1175 spoliavit
1179 1092 1350 1175 sanguinis
1374 1094 1435 1159 sui.

365 1198 452 1266 Situs
464 1202 625 1266 translate
641 1201 781 1267 sumitur
796 1219 854 1280 pro
871 1201 1030 1284 squalore,
1047 1200 1172 1283 illuvie,
1195 1218 1259 1280 qua
1272 1199 1440 1264 obducun-

256 1317 313 1373 tur
342 1327 396 1374 res
427 1308 482 1372 diu
512 1309 682 1391 neglectae
713 1327 777 1373 uno
806 1309 841 1373 in
872 1307 949 1373 loco.
981 1308 1099 1373 Tibull.
1133 1313 1160 1373 1.
1193 1310 1290 1389 11,10
1325 1305 1440 1371 tristia

258 1415 332 1481 duri
360 1403 474 1480 militis
509 1413 543 1479 in
574 1414 720 1480 tenebris
753 1421 889 1496 occupat
919 1433 1010 1480 arma
1041 1415 1132 1480 situs.
1157 1413 1250 1480 Ovid.
1273 1413 1382 1479 Amor.
1417 1416 1431 1474 1

257 1524 342 1604 8,51.
360 1521 478 1596 Vella
510 1523 611 1605 1868.
635 1523 784 1602 sepultae
807 1540 846 1586 ac
870 1522 936 1587 situ
960 1521 1085 1587 obsitae
1110 1521 1248 1606 iustitia,
1274 1520 1433 1602 aequitas,

257 1627 422 1694 industria
446 1628 575 1695 civitati
598 1628 755 1694 redditae.

366 1733 480 1820 Superi
521 1743 598 1802 sunt
637 1737 842 1820 superstites
879 1737 1038 1819 uiuentes
1075 1735 1192 1815 quibus
1228 1740 1441 1816 opponuntur

259 1841 388 1908 mortui.
413 1840 466 1926 (cf.
492 1842 591 1925 Verg.
615 1842 696 1908 Aen.
722 1849 749 1908 6.
776 1844 966 1922 18811611.
992 1845 1019 1908 2.
1043 1845 1120 1924 48,2
1154 1860 1250 1923 quam
1274 1841 1360 1924 apud
1383 1860 1435 1906 su-

258 1966 353 2029 peros
370 1949 532 2014 habuerat
549 1950 815 2032 magnitudinem,
845 1949 1014 2015 inlibatam
1043 1949 1218 2014 detulisset
1240 1949 1283 2014 ad
1304 1947 1435 2013 inferos.

375 2054 468 2139 Vipcr
500 2057 689 2138 saepissime
718 2065 897 2138 usurpatur
928 2076 947 2122 6
978 2057 1083 2137 poetis
1107 2075 1166 2137 pro
1189 2058 1313 2122 robore.
1337 2057 1435 2137 Verg.

257 2163 341 2228 Aen.
374 2168 402 2227 6.
434 2168 507 2228 730.
534 2163 627 2228 Ovid.
659 2162 788 2227 Heroid.
816 2162 1031 2246 16,51vigor
1063 2162 1170 2228 animi.
1202 2163 1316 2228 Horat.
1352 2163 1435 2228 Vell.

263 2273 290 2334 1.
316 2269 742 2351 10,3vigo1·eloquentiae.
768 2273 797 2334 2.
826 2271 896 2352 18,5
922 2269 1016 2353 vigor
1038 2269 1163 2352 ingenii
1193 2275 1292 2350 atque
1327 2269 1435 2335 animi.

366 2376 541 2441 Adiectiva
564 2376 693 2457 repperi
719 2377 814 2442 baec:

365 2481 478 2566 Agidis,
508 2501 571 2562 qua
595 2501 673 2548 uoce
686 2471 892 2548 Ovidius'im
905 2483 1017 2564 primis
1029 2502 1107 2549 usus
1133 2482 1355 2566 essevidetur,
1381 2481 1435 2569 (cf.

261 2590 392 2656 Heroid.
424 2591 529 2672 1565.
553 2591 662 2655 Amor.
688 2593 716 2656 2.
740 2593 825 2672 4,27.
850 2589 1002 2674 saepius.)
1027 2589 1175 2655 Velleius
1199 2590 1311 2656 eadem
1336 2590 1442 2674 signi--

259 2697 411 2763 ficatione
424 2716 487 2777 qua
503 2696 661 2762 Horatius
687 2697 794 2776 posuit
806 2716 864 2777 pro
888 2702 1036 2778 prompto
1061 2696 1101 2761 ad
1127 2698 1299 2782 agendum,
1324 2699 1436 2765 celere.

260 2802 315 2888 (of.
339 2802 454 2868 Horat.
478 2804 537 2886 Ep.
569 2809 596 2868 1.
628 2806 700 2886 1,16
725 2803 879 2887 saepius.)
904 2806 932 2868 2.
957 2801 1029 2868 105.
1057 2806 1069 2862 l
1097 2804 1148 2869 vir
1178 2803 1348 2885 multiplex
1371 2805 1438 2870 vir·

260 2911 398 2992 tutibus,
422 2929 555 2993 gnarus,
580 2909 686 2993 agilis,
711 2911 865 2993 prodens,
889 2915 949 2976 etc.

370 3014 489 3080 October
508 3019 670 3082 translate
686 3025 746 3098 est,
772 3017 827 3098 qui
852 3017 978 3101 colitur,
1003 3017 1167 3083 laudatur.
1191 3020 1305 3084 Horat.
1331 3020 1440 3084 Oarm.

261 3127 289 3188 8.
309 3126 403 3206 1380
423 3123 532 3188 Diana
547 3124 693 3190 celebris.
717 3123 835 3188 Tibull.
856 3127 881 3189 l.
907 3129 980 3207 1,33
1005 3127 1131 3190 celeber
1154 3127 1300 3192 Messala
1323 3125 1437 3190 trium-

261 3215 946 3319 pmvmauaamaamm

370 3335 575 3421 Oopoomiais,
609 3337 664 3420 qui
699 3343 750 3404 est
787 3339 931 3405 eiusdem
965 3340 1104 3406 nominis
1138 3358 1210 3404 cum
1241 3338 1314 3403 alio.
1338 3341 1442 3422 Verg..

262 3448 341 3513 Aen.
371 3452 399 3511 6.
434 3451 497 3510 383
537 3444 658 3528 gaudet
689 3447 880 3528 cognomine
913 3452 1012 3512 terra.
1043 3447 1149 3512 Plaut.
1180 3448 1296 3512 Bacch.
1333 3453 1356 3513 1.
1384 3452 1434 3532 1,5

262 3555 345 3619 duae
374 3570 550 3635 germanae
581 3550 768 3618 meretrices
796 3555 1024 3634 cognomines.
1055 3553 1138 3620 Vell.
1172 3561 1199 3619 1.
1230 3556 1279 3638 1,1
1312 3555 1437 3621 Teucer

262 3659 485 3744 cognominem
508 3661 636 3740 patriae
660 3678 739 3724 suae
760 3659 925 3725 Salamina
949 3661 1127 3726 constitnit.

371 3765 573 3851 Conspicuas.
590 3775 705 3848 poetae
721 3767 805 3832 hanc
828 3786 939 3833 vocem
963 3775 1088 3851 ponunt
1111 3790 1169 3851 pro
1192 3769 1323 3853 insigni,
1348 3769 1438 3835 illus-

260 3875 313 3942 tri.
344 3874 457 3942 Horat.
483 3875 586 3940 Oarm.
618 3879 647 3939 3.
686 3875 870 3956 16,181ate
899 3876 1106 3956 conspicuum
1136 3877 1250 3942 tollere
1280 3876 1436 3942 verticem

261 3982 380 4048 Tibull.
420 3989 449 4047 3.
482 3987 543 4063 3,4.
575 3981 668 4047 Ouid.
704 3980 833 4047 Heroid.
872 3988 901 4050 5.
934 3989 1006 4049 133.
1042 3984 1124 4050 Vell.
1157 3989 1184 4048 8.
1218 3987 1291 4066 35,1
1330 3984 1442 4050 virtus-

263 4089 446 4170 conspicua.

368 4193 534 4259 1166666616
557 4199 608 4261 est
630 4196 796 4280 insomnis,
821 4197 963 4281 vigilans
987 4197 1084 4278 Verg.
1109 4197 1190 4262 Aen.
1216 4203 1312 4280 6,556
1338 4197 1442 4264 vesti-—

262 4302 374 4369 bulum
405 4303 569 4369 exsomnis
601 4310 712 4370 servat
746 4309 922 4386 noctesque
953 4299 1096 4384 diesque.
1130 4303 1212 4370 Vell.
1245 4311 1272 4370 8.
1300 4311 1375 4389 888
1401 4304 1440 4370 0.

259 4410 433 4476 Maecenas
457 4411 509 4474 vir
531 4429 610 4475 sane
634 4410 796 4476 exsomnis
821 4417 850 4476 8.
878 4414 974 4491 187,4
997 4411 1104 4476 animo
1130 4413 1301 4479 exsomnis.
