3224 5050
728 456 905 517 *la-

332 649 477 716 Prlmum
490 654 608 732 eutem,
621 648 650 714 si
665 649 783 731 placet,
801 649 901 714 verbe
913 647 1029 712 faciam
1047 647 1086 713 de
1098 647 1255 712 orationis
1268 665 1407 730 genere,

228 756 353 840 deinde,
377 758 496 838 quibus
519 755 628 822 verbis
640 754 788 821 Velleius
811 755 933 838 primus
960 771 1039 820 usus
1063 755 1108 820 sit
1130 755 1289 848 indicabo,
1313 763 1399 840 pust,

226 865 344 946 qulbus
374 865 470 928 aliam
503 863 772 946 significationem
804 871 902 944 atque
933 862 1019 945 apud
1051 863 1188 944 optimos
1223 864 1402 946 scriptores

225 973 402 1054 hebebant,
427 971 612 1054 subiecerit,
635 976 706 1034 tum
730 969 849 1050 quibus
872 970 906 1034 in
935 971 1032 1034 rebus
1049 971 1090 1034 ab
1106 970 1231 1052 optima
1245 971 1401 1053 loquendi

227 1077 463 1144 consuetudine
487 1079 670 1143 abhorreat.
715 1077 893 1159 Postremo,
935 1077 1053 1157 quibus
1087 1077 1122 1142 in
1157 1079 1255 1145 rebus
1279 1081 1405 1146 Velleii

226 1185 365 1252 elocutio
388 1185 586 1252 Graecorum
617 1185 730 1266 lingua
757 1189 791 1249 et
821 1201 969 1250 sermone
999 1184 1125 1265 plebeio
1150 1186 1321 1268 inquinata
1344 1189 1399 1271 sit,

224 1295 461 1378 perscrutabor.

706 1457 844 1568 eaput
876 1447 906 1544 Ι.

331 1634 380 1698 Ac
416 1632 555 1713 primum
591 1631 719 1712 quidem
743 1629 903 1695 Velleium
938 1630 972 1693 in
1008 1630 1155 1698 oratione
1190 1635 1276 1698 omui
1305 1635 1399 1702 modo

225 1739 413 1806 exomendo
447 1746 546 1820 atque
569 1737 802 1819 amplificanda
831 1755 961 1818 operam
993 1739 1242 1824 consumpsisse,
1276 1743 1399 1808 multae

226 1853 374 1928 suutres,
399 1847 516 1927 quibus
540 1845 633 1910 nobis
657 1847 820 1926 probetur.
867 1844 937 1910 sive
968 1845 1054 1908 enim
1076 1865 1145 1910 rem
1178 1847 1301 1929 laudat,
1328 1851 1405 1915 sive·
1492 1836 1496 1843 ’

225 1953 408 2035 vituperat,
445 1971 571 2034 semper
605 1955 715 2020 verbis
732 1972 802 2018 eam
827 1958 928 2034 auget
962 1959 997 2018 et
1031 1953 1278 2037 attributorum,
1315 1975 1403 2035 quae

226 2060 389 2142 dicuntur,
420 2061 550 2126 modum
573 2061 698 2125 nullum
722 2059 878 2124 adhibere
901 2061 931 2124 ei
953 2060 1069 2139 placet.
1094 2079 1133 2125 ex
1168 2061 1293 2126 infinito
1328 2063 1400 2126 lere

226 2167 444 2248 exemplorum
469 2185 612 2249 numero,
645 2187 780 2248 quorum
807 2185 959 2250 magnam
989 2165 1113 2248 copiam
1145 2166 1209 2232 iam
1233 2167 1405 2250 Sauppius-

225 2279 259 2338 et
273 2274 421 2339 Kritzius
445 2275 655 2357 collegerunt,
680 2293 783 2355 pauca
808 2273 979 2354 decerpere
991 2274 1070 2339 mibi
1082 2275 1190 2357 liceat,
1217 2275 1400 2356 exquibus

224 2397 292 2446 rem
323 2381 370 2445 ita
405 2399 476 2446 esse
507 2382 628 2462 optime
652 2388 875 2464 cognoscatur.
922 2387 951 2446 2.
988 2385 1061 2464 3l,l
1101 2389 1308 2448 converterat
1343 2383 1402 2449 On.

224 2489 356 2568 Pompei
392 2507 530 2568 persona
565 2493 635 2554 tota
668 2489 701 2553 in
737 2507 772 2554 se
807 2495 968 2555 terrarum
1005 2491 1115 2555 orbem
1152 2495 1186 2554 et
1209 2509 1267 2569 per
1290 2491 1401 2555 omnia

226 2595 330 2659 maior
357 2595 421 2660 civi
449 2597 639 2662 habebatur.
687 2603 715 2662 2.
749 2603 830 2678 65,5.
864 2597 948 2664 vivit
980 2596 1047 2681 (so.
1073 2595 1210 2680 Cicero)
1242 2598 1402 2678 vivetque

225 2719 432 2781 peromnem
456 2703 656 2768 saeculorum
680 2704 876 2785 memoriam,
913 2704 1052 2783 dumque
1076 2705 1136 2768 hoe
1159 2703 1212 2768 vel
1236 2703 1320 2769 torte
1344 2705 1398 2770 vel

226 2807 433 2889 providentia
457 2811 510 2875 vel
534 2817 699 2891 utcunque
722 2811 935 2876 coustitutum
970 2829 1078 2876 rerum
1102 2815 1240 2876 naturae
1261 2797 1410 2894 corpus,x

226 2915 311 2996 quod
333 2915 389 2980 ille
412 2935 516 2996 paene
547 2918 635 2982 solus
659 2917 877 2983 Romanorum
901 2919 1008 2983 animo
1031 2917 1132 3000 vidit,
1161 2919 1292 3000 ingenio
1316 2938 1407 2984 com--

226 3022 339 3102 plexus
352 3027 411 3106 est,
437 3024 621 3104 eloquentia
644 3023 852 3106 illuminavit,
877 3025 1023 3090 mauebit
1045 3025 1225 3108 incolume,
1251 3027 1400 3092 comitem

225 3129 298 3195 aevi
321 3131 371 3194 sui
406 3130 534 3196 laudem
558 3131 722 3198 Ciceronis
744 3133 871 3214 trahet,
904 3133 1071 3212 omnisque
1106 3133 1283 3213 posteritas
1309 3134 1403 3200 illius

223 3235 258 3300 in
292 3241 325 3300 te
359 3237 482 3319 scripta
517 3237 690 3304 mirabitur
725 3239 885 3320 citiusque
919 3240 1079 3304 emundo
1104 3257 1208 3322 genus
1233 3239 1399 3306 hominum

225 3360 320 3423 quam
345 3345 507 3411 Ciceronis
530 3365 646 3412 nomen
660 3347 760 3412 cedet.
807 3355 835 3412 2.
863 3353 964 3429 130,4
987 3348 1107 3411 amissa
1130 3350 1235 3410 mater
1258 3347 1399 3412 eminen-

223 3449 351 3515 tissima
374 3459 407 3516 et
439 3471 497 3533 per
531 3453 638 3519 omnia
674 3454 741 3520 deis
765 3474 861 3535 quam
886 3453 1070 3519 hominibus
1105 3451 1241 3518 similior
1278 3451 1401 3518 lemine

225 3563 253 3622 2.
278 3563 353 3641 51,3
378 3559 502 3624 Balbus
515 3559 691 3626 excedente
714 3563 889 3626 humanam
912 3561 1009 3626 fidem
1025 3561 1211 3626 temeritate
1227 3561 1398 3641 ingressus

223 3672 338 3730 castra.
363 3673 392 3731 a.
418 3671 502 3748 91,3.
525 3685 632 3748 neque
656 3669 757 3733 multo
780 3675 855 3749 post
878 3668 984 3733 Rufus
1000 3667 1174 3749 Egnatius,
1208 3684 1267 3749 per
1291 3667 1398 3733 omnia

222 3771 398 3854 gladiatori
424 3793 520 3854 quam
544 3775 688 3840 senatori
711 3777 852 3857 propior,
877 3794 949 3840 cum
973 3781 1061 3840 esset
1089 3776 1175 3840 omni
1197 3775 1397 3858 flagitiorum

222 3880 445 3960 scelerumque
469 3881 669 3947 conscientia
699 3901 826 3948 mersus
842 3901 901 3949 nec
923 3882 1038 3948 melior
1065 3883 1115 3947 illi
1147 3901 1200 3946 res
1228 3881 1407 3946 lamiliaris.

221 3991 316 4066 quam
335 4005 426 4053 mens
450 3974 544 4070 foret,
568 3987 758 4056 interimere
781 3989 943 4056 Caesarem
967 3990 1094 4056 statuit.

328 4093 489 4160 Veritatis
503 4093 592 4160 illam
608 4097 860 4178 superlationem
885 4104 918 4163 et
934 4097 1159 4162 traiectionem
1175 4095 1403 4174 cognoscimus

158 4217 163 4228 ·
221 4199 325 4279 exhis
356 4218 483 4282 quoque
505 4201 633 4286 verbis,
665 4221 748 4283 quae
771 4206 920 4285 quotiens
948 4210 981 4269 et
1005 4219 1102 4282 quam
1125 4201 1228 4264 multa
1251 4197 1402 4268 Velleius

222 4307 419 4392 adhibuerit,
440 4293 528 4374 certe
540 4309 723 4374 mirandum
740 4317 801 4374 est:
825 4309 973 4390 caelestis,
991 4306 1244 4389 caelestissimus,
1258 4307 1402 4373 clarissi-

220 4433 310 4497 mus,
339 4415 498 4496 eminens
529 4414 816 4499 eminentissimus,
849 4415 1126 4497 lulgentissimrm,
1155 4413 1322 4496 immanis,
1352 4413 1409 4478 iu·
