3224 5050
111 1287 114 1294 Ι
223 1199 363 1281 signare.

728 454 905 516 ..23-

338 661 483 725 licaolarc
506 661 591 726 idem
614 667 664 728 est
687 683 725 728 ac
748 665 897 731 celeriter
918 667 1032 734 redire.
1056 667 1150 734 Ovid.
1174 669 1250 735 Met.
1276 675 1303 735 7.
1329 675 1402 737 684.

227 769 310 834 Vell.
336 772 364 834 2.
392 773 484 849 120,1
510 770 637 835 revolat
660 771 701 836 ad
724 778 858 853 patrem.
883 776 911 838 2.
938 777 1042 859 123,1.

335 873 471 960 Siqacrc
494 877 614 942 dicitur
637 878 676 944 de
699 879 868 944 scribente.
900 878 994 947 Ovid.
1018 881 1094 947 Met.
1119 885 1147 946 2.
1174 885 1237 949 326
1269 903 1402 967 corpora

227 982 306 1048 dant
318 984 442 1048 tumulo
456 985 651 1066 signentque
674 987 734 1051 hoc
750 987 891 1052 carmine
907 1007 1029 1053 saxum.
1076 988 1172 1072 Verg.
1195 990 1276 1055 Aen.
1302 996 1398 1073 3‚387

228 1109 297 1156 rem
310 1091 451 1156 carmine
475 1091 576 1174 signo.
588 1093 695 1158 Plaut.
726 1093 809 1158 Rud.
835 1100 863 1158 5.
888 1097 950 1178 2,7.
974 1095 1056 1160 Vell.
1084 1099 1110 1160 1.
1137 1098 1208 1179 16,1
1233 1115 1302 1162 rem
1325 1098 1401 1164 stilo
1459 1173 1466 1179 ,

331 1303 449 1388 sopire.
474 1305 567 1372 Ovid.
590 1306 667 1372 Met.
700 1313 728 1372 7.
756 1310 816 1372 149
840 1310 1032 1392 pervigilem
1054 1311 1164 1376 herbis
1198 1311 1306 1393 sopire
1329 1312 1400 1378 dra-

222 1431 342 1478 conem.
371 1413 488 1478 Tibull.
515 1419 542 1478 3.
567 1417 652 1497 4,19.
676 1415 758 1480 Vell.
783 1419 811 1480 2.
838 1419 933 1500 1213
968 1419 1128 1482 translate
1156 1418 1252 1484 dicit:
1283 1422 1400 1486 tumul-

221 1526 292 1586 tum
315 1521 430 1601 sopire.

330 1625 458 1691 Sumere
492 1628 632 1692 ocimum
674 1635 850 1710 praeeunte
888 1631 1005 1697 ovidio
1047 1631 1139 1699 Fast.
1176 1637 1283 1716 1,147.
1321 1635 1400 1702 dicit

219 1738 303 1804 Vell.
328 1742 357 1802 2.
385 1741 457 1819 17,3
487 1736 524 1802 L.
547 1736 714 1801 Cornelius
734 1735 826 1803 Sulla
849 1756 889 1802 ex
912 1757 1063 1806 successu
1087 1741 1230 1805 animum
1253 1744 1399 1823 sumpsit.

331 1841 507 1907 Tamesccrc
529 1863 549 1908 a
571 1845 677 1924 poetis
693 1845 771 1909 solis
794 1850 971 1926 usurpatur
986 1843 1097 1931 (Verg.
1114 1845 1221 1931 Ouid.)
1239 1868 1297 1928 pro
1322 1850 1399 1932 glis·

221 1971 303 2036 cere,
329 1953 410 2017 clam
435 1951 566 2016 moveri.
613 1951 695 2017 Vell,
721 1954 749 2014 2.
776 1956 847 2035 15,1
873 1958 1055 2018 tumescens
1078 1955 1207 2020 bellum.

325 2184 499 2248 Poetarum
523 2183 701 2248 imitationi
732 2203 804 2249 mea
827 2185 956 2265 quidem
979 2186 1142 2250 sententia
1164 2186 1297 2251 liberior
1320 2205 1397 2267 quo·

220 2308 282 2370 que
305 2290 363 2354 illa
389 2291 559 2356 verborum
592 2291 759 2356 collocatio
782 2292 956 2357 tribuenda
986 2299 1053 2376 est,
1082 2310 1165 2374 quae
1192 2295 1397 2376 cognoscitur

221 2416 261 2462 ex
284 2415 331 2479 eo,
356 2396 441 2477 quod
470 2397 614 2462 Velleius
645 2399 746 2464 verba
768 2417 865 2464 sensu
889 2399 1095 2466 cohaerentia
1115 2401 1303 2480 saepissime
1327 2420 1390 2465 mro

222 2508 281 2570 aut
294 2505 443 2584 pluribus
458 2504 659 2584 interpositis
680 2505 866 2588 disiungere
882 2507 972 2572 solet.
1019 2507 1153 2573 Minime
1170 2508 1255 2573 enim
1270 2507 1392 2572 Kritzii

219 2612 415 2677 sententiam
438 2613 575 2692 probare
597 2631 738 2696 possum,
764 2614 820 2693 qui
842 2613 903 2678 hoe
933 2613 1090 2678 sermonis
1117 2611 1289 2679 familiaris
1317 2633 1395 2698 neg-

214 2719 354 2801 ligentia
378 2723 483 2784 ortum
500 2707 571 2784 esse
596 2720 676 2785 dicit
700 2717 863 2805 (Prolegg.
887 2717 1122 2804 phrixus),
1148 2739 1219 2785 cum
1244 2721 1393 2802 equidem

217 2845 409 2908 persuasum
425 2827 572 2910 habeam,
591 2845 772 2892 sermonem
789 2845 988 2892 communem
1004 2827 1087 2892 nulli
1102 2826 1149 2892 rei
1166 2827 1272 2910 magis
1296 2844 1393 2908 quarn

217 2934 443 3014 perspicuitati
485 2934 651 3000 studuisse
686 2939 718 3000 11
754 2936 795 2999 ab
830 2935 980 3015 quaesita
1015 2935 1189 2999 verborum
1225 2941 1393 3000 structura

91 3030 94 3034 ’
216 3041 429 3106 abhorruisse.
461 3040 499 3106 cf.
534 3044 562 3104 2.
589 3043 656 3121 14,1
686 3042 772 3106 hunc
795 3041 891 3107 finem
916 3041 1116 3106 clarissimus
1147 3041 1278 3108 iuvenis
1303 3042 1393 3108 vitae

215 3147 339 3212 habuit.
369 3154 397 3212 2.
422 3151 496 3227 342
521 3167 562 3212 ne
586 3150 626 3212 ab
649 3146 747 3224 huius
770 3148 900 3229 quidem
923 3165 1024 3212 usura
1048 3147 1172 3228 gloriae
1195 3147 1396 3228 temperavit

213 3255 365 3319 animum.
394 3257 423 3319 2.
448 3257 524 3338 59,4
549 3255 658 3321 Caesar
681 3255 723 3319 ad
758 3254 969 3321 erudiendam
992 3253 1184 3320 liberalibus
1207 3253 1394 3334 disciplinis

215 3361 393 3444 singularis
416 3360 556 3427 indolem
581 3363 710 3429 iuvenis
735 3363 941 3445 Apolloniam
965 3380 1038 3428 enm
1070 3363 1215 3428 miserat.
1240 3363 1268 3425 2.
1295 3365 1388 3444 100‚1

213 3469 318 3534 sensit
352 3475 514 3534 terrarum
545 3470 632 3536 orbis
665 3469 846 3552 digressum
879 3469 1071 3534 acustodic
1098 3470 1259 3534 Neronem
1291 3468 1392 3551 urbis,

214 3577 681 3657 a.111,3partemexercitns
705 3579 746 3642 ab
769 3578 850 3642 urbe
873 3576 989 3641 traditi
1012 3576 1053 3640 ab
1077 3576 1228 3657 Augusto
1253 3574 1392 3654 perduxi

212 3683 255 3747 ad
278 3682 390 3747 filiurn.
414 3683 455 3748 al.

319 3789 406 3854 Illud
438 3807 574 3873 qnoque,
605 3789 691 3872 quod
723 3791 866 3872 qualitas
893 3793 952 3854 aut
980 3793 1110 3870 natura,
1135 3792 1173 3852 nt
1194 3787 1244 3851 ita
1268 3787 1386 3868 dicam,

211 3913 309 3978 quam
340 3913 394 3961 res
423 3897 532 3980 habet,
564 3898 606 3962 ab
638 3916 677 3961 ea
701 3897 901 3979 disiungitur
924 3901 957 3962 et
980 3915 1038 3977 per
1062 3913 1097 3961 se
1120 3893 1270 3978 sumitur,
1295 3892 1389 3974 quasi

210 4003 285 4084 ipsa
298 4004 341 4068 sit
353 4021 415 4086 res,
431 4001 465 4068 id
492 4003 578 4084 quod
594 4003 762 4080 rarissime
775 4004 863 4086 apud
873 4004 999 4085 priores
1021 4002 1194 4084 reperitur,
1220 4018 1292 4065 cum
1317 4017 1391 4079 pro-

209 4111 316 4190 prium
341 4110 386 4175 sit
409 4111 542 4193 linguae
565 4111 717 4192 labentis,
751 4110 838 4191 apud
861 4110 1022 4176 Velleium
1045 4126 1109 4174 non
1133 4106 1235 4172 semel
1263 4104 1389 4170 inveni·

210 4233 292 4282 mus.
324 4220 353 4282 2.
380 4220 476 4298 iota
501 4217 808 4284 caelestissimorunr
833 4219 903 4284 eius
926 4235 1058 4300 opernm
1084 4216 1249 4295 spectator
1272 4216 1306 4276 et
1327 4229 1387 4292 pro

217 4327 317 4404 captu
344 4322 566 4388 mediocritatis
588 4343 671 4388 mooe
703 4324 833 4390 adiutor
864 4323 921 4391 fui.
956 4327 986 4406 2,
1014 4325 1108 4404 1113
1133 4318 1249 4384 habuit
1270 4317 1305 4382 in
1327 4317 1392 4382 hoc

209 4447 338 4512 quoque
377 4431 463 4497 bello
502 4430 697 4496 mediocritas
744 4439 851 4497 nostro
887 4430 1026 4513 speciosi
1063 4424 1237 4493 ministerii
1271 4423 1386 4490 locum.
